3293 5332
540 255 582 328 6
588 280 635 351 4
1505 255 1985 314 AVLVLARIA.
2430 258 2556 329 [lv.
2593 263 2643 314 4.
2680 262 2868 315 32—6.
2900 262 2951 311 2.

1598 447 1899 515 Evcmo.

709 572 824 640 ibo
858 571 1039 640 intro
1075 574 1283 655 atque
1318 566 1417 634 illi
1456 567 1769 636 socienno
1805 566 1928 637 tuo
1965 566 2101 636 iam
2137 567 2642 654 interstringam
2680 566 2928 653 gulam.

710 690 900 777 fngin
927 692 1085 760 hinc
1122 690 1212 758 ab
1250 688 1499 759 oculis?
1555 688 1717 756 abin
1759 711 1846 757 an
1889 693 2073 760 non?

1535 810 1958 879 Smomnvs.

2078 931 2266 1000 abeo.

1595 1054 1895 1121 Evcmo.

2251 1188 2418 1236 caue
2461 1169 2553 1237 sis
2594 1166 2961 1236 renideam.

1532 1289 1959 1358 smonmvs.

719 1408 1096 1477 emortuom
1138 1429 1264 1494 ego
1306 1428 1416 1475 me
1458 1406 1779 1475 mauelim
1820 1406 1959 1476 leto
2010 1408 2189 1477 malo
2791 1408 2896 1477 IV
2926 1426 2958 1473 5

717 1547 920 1612 quam
962 1524 1100 1594 non
1143 1546 1270 1611 ego
1311 1524 1411 1592 illi
1454 1523 1608 1591 dem
1651 1524 1856 1593 hodie
1897 1525 2179 1593 insidias
2222 1524 2386 1594 seni.

546 1647 625 1727 65
637 1660 668 1727 5
717 1667 1004 1730 namque
1042 1644 1153 1713 hic
1195 1646 1330 1712 iam
1372 1665 1511 1712 non
1554 1642 1835 1712 audebit
1878 1665 2121 1712 aurum
2165 1644 2595 1714 abstrndere:

720 1762 922 1829 credo
966 1760 1214 1830 ecferet
1255 1761 1392 1829 iam
1435 1761 1662 1829 secum
1707 1764 1778 1829 et
1818 1760 2112 1830 mutabit
2153 1759 2395 1830 locum.

720 1880 883 1966 atat,
929 1881 1090 1948 foris
1134 1883 1414 1968 crepuit.
1472 1881 1685 1951 senex
1729 1903 1961 1951 eccum
2003 1905 2246 1951 aurum
2288 1882 2499 1952 ecfert
2539 1883 2734 1951 foras.
2928 1902 2961 1949 5

720 2001 1051 2089 tantisper
1092 2002 1202 2071 hic
1245 2024 1372 2090 ego
1414 2003 1504 2072 ad
1545 2002 1821 2071 ianuam
1864 2001 2268 2072 concesserO.

1604 2124 1903 2191 Evomo.

722 2239 890 2310 Fide
934 2240 1290 2309 censebam
1330 2240 1725 2308 maxumam
1767 2239 1983 2307 multo
2026 2239 2233 2307 fidem
2793 2239 2898 2306 IV
2929 2258 2961 2303 e

551 2359 683 2425 660
725 2378 902 2426 esse:
950 2356 1029 2425 ea
1072 2355 1369 2424 subleuit
1411 2354 1486 2423 os
1529 2355 1699 2423 mihi
1739 2342 2182 2442 paenissume.

553 2539 699 2591 certe
729 2531 877 2587 deest
912 2531 980 2585 in
1001 2530 1086 2598 ιῐγ
1119 2531 1481 2600 omnibusque
1514 2531 1667 2586 codd.
1716 2530 2078 2599 Hildyardi:
2114 2530 2326 2600 leaitur
2359 2546 2498 2586 uero
2522 2528 2592 2583 in
2626 2528 2966 2583 editionibus

550 2619 781 2677 Aldina
813 2634 866 2673 a.
895 2631 1045 2687 1522,
1068 2617 1390 2673 Parmensi
1421 2635 1473 2674 a.
1519 2631 1655 2688 1510
1678 2623 1728 2673 et
1750 2618 2158 2673 Lambiniana.
2229 2616 2347 2687 agit
2377 2616 2583 2687 gratias
2617 2614 2718 2683 By
2753 2621 2819 2684 et,
2841 2617 2964 2671 nisi

552 2708 704 2778 quod
724 2705 955 2776 gracias,
980 2704 1029 2762 J
1045 2724 1058 2761 :
1096 2711 1439 2773 transposui.
1506 2710 1724 2759 secutus
1756 2719 1887 2758 eum
1913 2719 2307 2772 personarum
2329 2702 2789 2760 distributionem
2817 2720 2964 2771 quae

551 2802 632 2850 eet
658 2795 727 2849 in
749 2792 834 2859 ιῐγ
855 2798 908 2847 et
947 2791 1120 2860 Pau„
1145 2807 1278 2845 cum
1307 2788 1373 2846 B
1402 2788 1963 2861 Iuppiter—perdant
1996 2789 2256 2860 Strobil0,
2290 2789 2514 2846 relicua
2546 2789 2820 2844 Euclioni
2855 2789 2963 2843 tri-

551 2882 700 2956 buat.
907 2883 1005 2934 651
1043 2878 1121 2933 ibi
1143 2877 1271 2933 hinc
1304 2878 1451 2933 intro
1474 2876 1637 2948 Βιῐγ,
1662 2879 1789 2933 hinc
1823 2877 2099 2932 omissum
2140 2884 2220 2932 eet
2252 2878 2413 2946 apud
2440 2876 2707 2933 Nonium
2750 2889 2866 2946 172,
2892 2891 2956 2931 21

554 2967 849 3035 ‘soi-imno,
882 2966 1042 3021 socio,
1110 2964 1365 3020 Plautus
1398 2964 1721 3021 Aulularia
1732 2983 1754 3021 .·
1808 2963 1901 3019 ibo
1934 2964 2084 3019 intro
2118 2967 2289 3033 atque
2322 2963 2403 3018 illi
2438 2963 2689 3018 socienno
2723 2966 2823 3020 tuo
2850 2963 2963 3020 iam

550 3052 965 3123 interstringam
985 3053 1203 3124 gulam?
1248 3055 1527 3110 ‘socienno
1549 3053 1615 3111 B
1637 3070 1769 3109 eum
1791 3051 2004 3120 Noni0,
2025 3052 2171 3107 socio
2197 3051 2246 3109 J
2269 3059 2337 3123 et,
2360 3052 2481 3107 nisi
2502 3052 2657 3121 quod
2677 3059 2964 3108 corrector

551 3141 805 3197 socienno
828 3139 1077 3211 scripsit,
1098 3157 1147 3206 γ.
1380 3146 1482 3197 652
1519 3140 1652 3197 abin
1685 3140 1813 3196 hinc
1846 3138 2009 3211 Βιῐγ,
2031 3139 2159 3194 hinc
2194 3139 2394 3195 deleui.
2424 3180 2430 3186 .
2463 3138 2539 3193 sis
2560 3137 2641 3206 B,
2666 3138 2713 3194 si
2735 3138 2833 3205 ιῐγ.
2901 3140 2962 3193 te

552 3225 776 3283 uideam
811 3224 975 3296 Βιῐγ,
1009 3226 1225 3283 emend.
1262 3225 1521 3281 Bothiue.
1663 3231 1765 3282 653
1800 3241 2015 3280 nouam
2049 3239 2311 3279 scaenam
2345 3224 2441 3280 hic
2476 3224 2768 3292 incipiunt
2802 3223 2958 3280 libri.

554 3314 885 3370 Emortuum
921 3311 1019 3379 ιῐγ.
1084 3311 1273 3367 laetho
1310 3310 1365 3380 (o
1395 3328 1581 3381 supra
1616 3311 1834 3367 lineam
1860 3312 2123 3380 positum
2155 3327 2194 3365 a
2229 3325 2417 3364 manu
2452 3309 2617 3364 baud
2646 3309 2961 3364 admodum

555 3400 766 3468 uetere)
790 3397 871 3455 B.
1014 3403 1117 3453 654
1149 3398 1402 3453 sonitum
1425 3398 1540 3467 dat,
1559 3398 1629 3452 id
1660 3404 1753 3465 eet,
1778 3398 1939 3465 ,facit
1979 3394 2179 3467 [Verq.
2214 3395 2364 3451 Aen.
2398 3410 2439 3452 1.
2479 3395 2571 3466 79]
2576 3437 2704 3451 ......
2710 3395 2961 3451 Plautus

551 3488 622 3541 in
659 3482 1012 3539 Aulularia.-
1073 3497 1176 3549 ego
1227 3481 1310 3534 illi
1354 3480 1484 3536 dein
1536 3481 1704 3538 hodie
1741 3483 1966 3539 insidias
2011 3483 2143 3539 seni.
2193 3481 2437 3539 Seruius
2480 3484 2562 3538 ad
2611 3482 2772 3551 Verq.
2814 3483 2959 3538 Aen.

551 3585 653 3626 xn.
678 3568 797 3635 267.
900 3572 1030 3628 ,655
1052 3582 1291 3637 namque
1318 3566 1709 3639 Gamerae-im,
1732 3586 1860 3625 nam
1884 3570 2036 3627 libri.
2164 3575 2268 3628 656
2290 3569 2538 3626 hecferet
2559 3568 2639 3638 B,
2657 3569 2763 3625 hoc
2790 3566 2953 3623 ferr&

552 3653 604 3713 ‚1
637 3659 702 3721 et,
720 3650 850 3707 nisi
881 3651 1033 3719 quod
1061 3651 1222 3723 feret,
1244 3668 1295 3718 γ.
1484 3657 1586 3714 657
1623 3670 1809 3712 eccom
1846 3651 1945 3715 B?
1991 3658 2152 3714 effert
2181 3656 2281 3723 ιῙγ.
2454 3659 2558 3713 658
2593 3656 2721 3711 hinc
2755 3670 2858 3724 ego
2885 3652 2958 3707 ab

553 3740 717 3796 ianua
749 3737 1070 3795 Acidaliae.
1162 3739 1232 3796 de
1264 3755 1441 3795 uersu
1484 3748 1616 3810 post
1660 3743 1814 3799 hune
1859 3760 1900 3799 a
1949 3743 2218 3814 Seioppio
2265 3760 2294 3800 e
2337 3742 2536 3800 Nonio
2581 3741 2777 3798 addito
2824 3739 2963 3795 disci

550 3827 686 3882 diss.
701 3841 765 3894 p.
788 3839 837 3896 9.

657 3912 888 3969 Evcmo.
924 3910 1238 3970 szonmvs
1272 3912 1400 3971 Bs.

658 4006 761 4058 659
795 3999 934 4056 fides
956 4016 1088 4057 eum
1110 4001 1387 4057 chordam
1407 4002 1709 4074 siqnifieat,
1731 4003 1893 4059 huius
1915 4003 2218 4075 fidissacit,
2243 4021 2375 4061 cum
2396 4004 2579 4072 deam,
2597 4001 2761 4057 huius
2785 3997 2963 4069 Fidei,

553 4085 824 4156 quamuis
846 4084 1102 4140 Plautus
1121 4086 1343 4142 dixerit
1365 4086 1528 4143 Fidei
1549 4087 1841 4144 censebam
1863 4088 2160 4145 maximam
2182 4090 2360 4147 multo
2381 4089 2567 4145 fidem.
2657 4086 2962 4143 Charisius

544 4191 606 4241 p.
632 4183 718 4237 70,
743 4180 805 4234 17
830 4168 910 4222 ed.
935 4169 1087 4238 Keil,
1110 4171 1209 4225 ubi
1222 4171 1350 4226 Fidi
1373 4178 1637 4241 excerpta
1664 4172 2007 4242 Cauchiana‚
2032 4174 2173 4229 Fide
2200 4175 2507 4231 Fabricius
2524 4172 2665 4227 conl.
2683 4190 2743 4242 p.
2765 4185 2793 4241 5
2801 4185 2850 4242 5,
2882 4186 2961 4240 13,

555 4252 709 4323 quod
751 4251 1140 4308 testimonium
1173 4271 1276 4310 nos
1308 4257 1639 4312 rettulimus
1663 4258 1746 4312 ad
1767 4274 1822 4313 u.
1848 4258 1968 4328 609.
2038 4258 2199 4314 Fidei
2236 4261 2378 4315 libri
2412 4258 2697 4314 Plautini.
2770 4273 2964 4311 maxu-

553 4353 700 4395 mam
724 4334 853 4405 Rs,
877 4351 992 4391 non
1014 4354 1063 4403 γ.
1202 4345 1305 4396 660
1331 4340 1636 4397 ‘Subleuit'
1661 4342 1949 4412 siqnifieat
1972 4343 2209 4399 ‘inlusit
2232 4352 2285 4400 et
2311 4362 2430 4414 pro
2457 4343 2707 4400 ridiculo
2729 4339 2962 4410 habuit:

555 4430 804 4480 tractum
827 4440 864 4479 a
885 4439 1090 4491 qenere
1110 4423 1241 4480 ludi
1263 4444 1374 4496 quo
1408 4427 1823 4484 dormientibus
1844 4447 1952 4486 ora
1963 4430 2315 4499 pinquntwr.
2385 4429 2642 4486 Plautus
2680 4428 2751 4482 in
2779 4426 2965 4482 Aulu-

555 4511 745 4567 laria.-
807 4509 939 4566 fidei
985 4511 1274 4568 censebam
1320 4513 1618 4569 maximam
1664 4517 1843 4574 multo
1889 4517 2059 4574 fidem
2088 4517 2098 4591 Ι
2129 4534 2267 4588 esse,
2314 4535 2384 4575 ea
2426 4516 2670 4574 subleuit
2715 4531 2778 4571 os
2822 4511 2961 4569 mihi
