3293 5332
534 281 626 353 26
1096 362 1099 367 ,
1473 290 1971 349 .AVLVLAR1A.
2202 302 2208 307 ·
2492 290 2598 364 [11.
2635 299 2683 350 2.
2721 301 2943 352 51—62.

698 477 877 547 nunc
919 477 979 545 si
1020 477 1233 545 filiam
1273 475 1581 545 locassim
1623 474 1844 543 meam
1886 474 2031 557 tibi,
2074 472 2148 540 in
2188 472 2485 541 mentem
2527 475 2737 558 uenit,

698 595 767 664 te
810 596 1059 664 bouem
1101 616 1250 664 esse
1292 599 1365 664 et
1407 616 1516 662 me
1558 599 1692 663 isse
1732 593 2048 663 asellum:
2107 592 2228 660 ubi
2271 590 2498 661 tecum
2540 593 2936 664 coniunctus

2264 711 2448 796 siem,

697 835 817 902 ubi
859 856 1029 903 onus
1071 857 1403 922 nequeam
1444 834 1619 902 ferre
1661 833 1933 921 pariter,
1962 831 2218 899 iaceam
2247 851 2373 914 ego
2412 830 2641 898 asinus
2670 830 2740 897 in
2767 830 2932 915 luto,

697 954 775 1023 tu
825 977 935 1024 me
979 956 1104 1023 bos
1154 955 1366 1040 magis
1423 953 1592 1022 ha1'1t
1636 952 1972 1038 respicias,
2020 949 2268 1036 gnatus
2315 950 2512 1036 quasi
2562 950 2933 1035 numquam

2235 1070 2435 1152 siem3

529 1209 659 1273 230
701 1193 771 1261 et
811 1191 888 1261 te'
925 1199 1083 1262 utar
1121 1193 1452 1281 iniquiore
1495 1199 1566 1263 et
1605 1192 1797 1261 meus
1840 1193 2002 1259 med
2043 1191 2209 1259 ordo
2251 1189 2557 1272 inrideat,
2872 1203 2933 1253 55

697 1309 1016 1377 neutrubi
1058 1311 1343 1377 habeam
1387 1310 1631 1378 stabile
1676 1310 2038 1392 stabulum,
2081 1306 2138 1375 si
2183 1307 2351 1393 quid
2392 1305 2643 1374 diuorti
2685 1304 2849 1373 fuat.

699 1426 871 1493 asini
912 1426 1246 1495 mordicus
1286 1448 1396 1494 me
1439 1427 1766 1511 scindant,
1811 1426 2020 1495 boues
2063 1427 2407 1494 incursent
2449 1425 2803 1495 cornibus:

699 1545 828 1613 hoc
850 1549 1234 1629 magnumst
1260 1544 1585 1632 periclum
1613 1546 1704 1614 ab
1726 1546 1931 1613 asinis
1959 1568 2068 1614 me
2091 1545 2181 1613 ad
2209 1545 2421 1613 boues
2444 1542 2935 1613 transcendere.

1488 1667 1965 1735 MEGADORVS.

696 1805 902 1871 quam
946 1784 1035 1853 ad
1077 1786 1326 1871 probos
1366 1785 1874 1871 propinquitate
1916 1785 2250 1873 proxume
2293 1788 2364 1852 te
2405 1782 2814 1864 adiunxeris,

530 1921 566 1967 2
574 1920 608 1985 3
619 1918 649 1985 5
698 1908 840 1972 tam
901 1902 1334 1989 optumumst.
1404 1908 1484 1972 tu
1543 1903 2004 1973 condicionem
2067 1906 2241 1973 hanc
2302 1901 2549 1990 accipe.
2620 1899 2928 1969 ausculta

865 2020 1034 2087 mihi
2868 2038 2931 2085 eo

698 2137 904 2222 atque
947 2158 1096 2204 eam
1138 2137 1304 2205 mihi
1348 2137 1712 2225 desponde.

1579 2260 1876 2327 Evomo.

1572 2380 1644 2443 at
1688 2377 1858 2443 nihil
1901 2383 2007 2446 est
2048 2377 2229 2446 dotis
2272 2376 2459 2464 quod
2501 2376 2673 2444 dem.

1486 2492 1967 2563 MEGADORVS.

2612 2610 2697 2680 ne
2740 2612 2929 2680 duas.

694 2727 855 2795 dum
897 2730 1098 2798 modo
1139 2731 1402 2799 morata
1443 2736 1624 2800 recte
1668 2731 1915 2816 ueniat,
1959 2731 2260 2801 dotatast
2301 2731 2480 2799 satis.

525 2911 640 2983 Βγ,
666 2912 830 2969 michi
852 2913 916 2972 J.
1020 2920 1079 2973 te
1102 2917 1203 2984 Βγ
1226 2918 1312 2986 (in
1334 2915 1385 2974 J
1398 2934 1549 2988 pars
1566 2918 1778 2974 ultima
1801 2936 2003 2976 uersus
2027 2921 2138 2991 leqi
2161 2939 2276 2977 non
2289 2920 2522 2992 potuit),
2540 2920 2641 2976 ted
2664 2917 2923 2973 Bothius.

524 3003 627 3054 225
661 3001 797 3056 item
834 3001 986 3073 libri,
1011 3007 1196 3060 autem
1233 3006 1500 3061 Biia-ius.
1642 3023 1942 3077 pauperem
1967 3025 2015 3076 γ.
2178 3015 2280 3067 227
2319 3025 2408 3063 me
2446 3007 2674 3063 asellum
2704 3004 2770 3064 Β
2793 3021 2927 3061 cum

522 3090 860 3160 Lanqianis,
884 3107 1006 3147 esse
1026 3090 1369 3162 addant-171,
1394 3090 1524 3147 med
1548 3107 1624 3147 as.
1651 3092 1911 3149 Bothius.
2031 3098 2135 3149 228
2158 3092 2335 3147 honus
2353 3091 2417 3163 J,
2437 3108 2552 3146 non
2575 3109 2623 3158 γ.
2660 3090 2836 3145 inluto
2859 3089 2923 3148 J.

523 3181 625 3233 229
660 3175 811 3232 haud
854 3174 955 3243 -Ῑγ,
1116 3193 1282 3247 quam
1332 3177 1378 3232 si
1423 3192 1668 3246 unquam
1715 3195 1751 3244 γ
1792 3179 1876 3246 (de
1914 3195 2034 3247 qua
2075 3177 2372 3247 scriptura
2417 3176 2550 3232 uide
2584 3176 2924 3246 Scioppiam

520 3263 687 3333 ὅπερ.
713 3264 827 3320 lect.
850 3281 902 3334 p.
936 3263 1068 3334 199).
1209 3269 1314 3320 230
1349 3280 1439 3318 me
1457 3263 1619 3332 Β-ῐγ,
1644 3264 1777 3320 med
1794 3266 2046 3322 editores,
2165 3263 2398 3320 irrideat
2418 3262 2514 3329 δγ.
2639 3267 2738 3317 231
2779 3263 2831 3318 N
2834 3279 2926 3317 eu-

519 3348 666 3404 trobi
690 3349 739 3407 J
740 3367 788 3416 γ,
813 3364 922 3402 neu
956 3351 1021 3402 ut
1057 3348 1175 3402 ruri
1212 3348 1522 3414 Lanqiani.
1628 3348 1835 3404 diuorti
1858 3349 1937 3420 B,
1962 3350 2180 3406 deuorti
2196 3349 2294 3415 ιῐγ.
2353 3349 2474 3405 fuat
2496 3347 2660 3418 st,
2674 3350 2775 3404 fiat
2789 3349 2921 3405 Pal.

521 3449 689 3487 unus.
830 3437 933 3485 232
969 3447 1058 3485 me
1082 3431 1359 3486 mordicus
1376 3432 1538 3499 Β-Ϊγ,
1563 3437 1923 3501 transposuit
1940 3438 2284 3493 Bitschelius
2305 3436 2489 3491 Proll.
2515 3437 2601 3492 cli.
2687 3436 2923 3491 Mordi-

518 3515 678 3569 cibus
700 3512 1050 3583 [Mordicitus
1077 3514 1385 3584 Gruterus]
1408 3521 1460 3569 et
1482 3516 1773 3570 mordicus
1787 3535 1905 3586 pro
1929 3538 2128 3577 morsu
2150 3522 2290 3593 [pro
2314 3522 2672 3577 mordicibus
2694 3521 2925 3578 additur

519 3597 577 3650 in
616 3597 760 3665 edd.,
797 3598 899 3651 sed
933 3595 1069 3651 haec
1105 3596 1279 3652 uerba
1318 3614 1352 3652 a
1384 3598 1436 3652 N
1440 3597 1563 3652 onio
1597 3598 1777 3654 aliena
1811 3617 1931 3657 esse
1968 3605 2185 3676 iudico}
2268 3606 2530 3661 Plautus
2562 3605 2920 3663 Aulularia:

519 3684 661 3739 asini
695 3699 784 3738 me
819 3684 1155 3741 mordicibus
1188 3684 1388 3756 [scribe
1418 3686 1777 3755 mordicitus]
1817 3690 2085 3761 scindant,
2121 3694 2295 3750 boues
2331 3694 2612 3749 incursent
2647 3693 2919 3749 cornibus.

518 3769 750 3824 Nonius
779 3785 892 3840 139,
918 3787 999 3840 31.
1024 3773 1169 3841 confi
1193 3774 1437 3827 eundem
1467 3772 1580 3840 138,
1608 3789 1690 3829 21.
1812 3775 2158 3835 incursant-1
2182 3786 2315 3834 ante
2336 3795 2484 3833 corr.
2596 3782 2698 3832 233
2713 3788 2923 3847 magnfi

518 3857 606 3911 est
634 3856 844 3928 piclum
868 3857 965 3929 ιῐγ,
1005 3858 1306 3929 periculum
1349 3858 1427 3915 B.
1596 3877 1698 3928 me=
1726 3862 1795 3916 ab
1839 3861 2005 3916 asinis
2044 3863 2116 3916 ad
2152 3862 2327 3918 boues
2367 3862 2468 3929 Βγ
2507 3870 2573 3930 et,
2615 3862 2734 3917 nisi
2773 3866 2925 3932 quod

516 3940 753 4000 abasinis
784 3945 1030 4001 adboues
1051 3944 1101 4003 J
1115 3967 1128 4002 ε
1164 3947 1376 4001 emend.
1401 3946 1663 4011 Botltius,
1689 3946 2038 4014 adprobante
2061 3940 2370 4003 Ritachelio
2393 3949 2430 4002 l.
2452 3949 2490 4002 l.
2630 3952 2734 4002 234
2757 3965 2921 4017 prox-

512 4047 640 4087 ume
661 4034 835 4088 etium
856 4033 955 4098 ἔγ.
1092 4032 1366 4103 adprobos
1387 4031 1451 4090 J.
1591 4038 1696 4088 235
1732 4034 2001 4103 optimum
2027 4039 2114 4090 est
2134 4034 2183 4092 J
2184 4053 2230 4102 γ.
2371 4035 2537 4091 michi
2558 4033 2621 4092 J.
2757 4035 2920 4090 Acci-

507 4132 662 4184 pere,
702 4117 1022 4172 admittere.
1116 4117 1374 4173 Plautus
1421 4118 1491 4172 in
1530 4117 1886 4174 Aulularia:
1946 4123 2206 4190 optumus
2253 4125 2319 4176 tu
2366 4120 2739 4176 conditionem
2780 4122 2918 4176 hanc

515 4201 715 4269 accipe.
787 4203 1021 4258 Nonius
1062 4219 1180 4273 240,
1227 4221 1247 4258 1
1262 4221 1303 4261 1.
1442 4210 1544 4261 236
1582 4204 1866 4274 desponde
1896 4207 2031 4261 mihi
2057 4207 2242 4276 (michi
2277 4208 2346 4279 J)
2390 4209 2548 4278 libri,
2588 4208 2920 4277 transposui

504 4294 818 4355 praeeunte
857 4289 1068 4360 Hari0,
1108 4293 1243 4347 conl.
1287 4309 1342 4347 u.
1386 4308 1416 4346 2
1423 4305 1450 4361 5
1456 4308 1502 4361 3.
1572 4291 1857 4362 desponde
1893 4294 1970 4348 mi
2010 4295 2267 4352 Botkim.
2431 4297 2509 4351 nil
2543 4296 2592 4354 J
2628 4311 2667 4351 a
2693 4313 2793 4366 pr.
2827 4315 2920 4364 m„

513 4372 716 4427 deinde
752 4372 840 4427 chi
876 4378 1346 4444 superscriptum.
1500 4376 1732 4446 quidem
1763 4377 1848 4443 ιῐγ
1876 4386 1928 4434 et
1951 4379 2125 4449 Pau„
2151 4383 2189 4436 i.
2200 4399 2240 4438 e.
2266 4380 2364 4452 qui
2389 4381 2531 4436 dem.
2710 4386 2812 4437 236
2847 4398 2919 4437 ne

514 4458 746 4513 duasne
770 4457 1001 4513 Parem
1023 4461 1146 4516 sine
1175 4463 1551 4530 adnotatione,
1575 4477 1646 4516 ne
1681 4462 1746 4517 in
1773 4463 1838 4520 Β
1869 4464 2044 4520 deesse
2076 4466 2329 4522 alterum
2353 4465 2492 4521 dicit
2520 4467 2824 4535 Gruterus,
2846 4482 2919 4521 ne

514 4543 638 4599 duis
673 4560 745 4599 ne
775 4545 1117 4613 Lanqianus
1156 4566 1323 4605 unm.
1477 4554 1579 4608 237
1628 4551 1885 4624 Morata,
1922 4554 2076 4621 quod
2112 4561 2192 4610 est
2227 4553 2523 4621 moriaera
2527 4595 2655 4609 ......
2660 4553 2920 4608 Plautus
