<?xml version="1.0" encoding="UTF-8"?>
<!DOCTYPE html PUBLIC "-//W3C//DTD XHTML 1.0 Transitional//EN"
    "http://www.w3.org/TR/xhtml1/DTD/xhtml1-transitional.dtd">
<html xmlns="http://www.w3.org/1999/xhtml" xml:lang="en" lang="en">
 <head>
  <title>
</title>
<meta http-equiv="Content-Type" content="text/html;charset=utf-8" />
  <meta name='ocr-system' content='tesseract 3.04.00' />
  <meta name='ocr-capabilities' content='ocr_page ocr_carea ocr_par ocr_line ocrx_word'/>
</head>
<body>
  <div class='ocr_page' id='page_1' title='image "./tmacciplautiaul01wagngoog_0117.png"; bbox 0 0 3293 5332; ppageno 0'>
   <div class='ocr_carea' id='block_1_1' title="bbox 340 518 2739 616">
    <p class='ocr_par' dir='ltr' id='par_1_1' title="bbox 340 518 2739 616">
     <span class='ocr_line' id='line_1_1' title="bbox 340 518 2739 616; baseline 0.018 -43"><span class='ocrx_word' id='word_1_1' title='bbox 340 518 421 574; x_wconf 92' lang='lat'><strong>11.</strong></span> <span class='ocrx_word' id='word_1_2' title='bbox 456 524 505 575; x_wconf 83' lang='lat'><strong>2.</strong></span> <span class='ocrx_word' id='word_1_3' title='bbox 541 519 784 592; x_wconf 64' lang='grc'><strong>63-73]</strong></span> <span class='ocrx_word' id='word_1_4' title='bbox 1302 525 1786 587; x_wconf 62' lang='lat' dir='ltr'>2Av12v12AR1A.</span> <span class='ocrx_word' id='word_1_5' title='bbox 2650 524 2739 616; x_wconf 73' lang='lat'><strong>&#39;27</strong></span> 
     </span>
    </p>
   </div>
   <div class='ocr_carea' id='block_1_2' title="bbox 327 712 2738 3288">
    <p class='ocr_par' dir='ltr' id='par_1_2' title="bbox 327 712 2738 3288">
     <span class='ocr_line' id='line_1_2' title="bbox 1393 712 1693 783; baseline 0.017 -5"><span class='ocrx_word' id='word_1_6' title='bbox 1393 712 1693 783; x_wconf 74' lang='lat' dir='ltr'><strong>Evcn10.</strong></span> 
     </span>
     <span class='ocr_line' id='line_1_3' title="bbox 420 827 2274 917; baseline 0.005 -23"><span class='ocrx_word' id='word_1_7' title='bbox 420 871 425 875; x_wconf 86' lang='lat'><em>-</em></span> <span class='ocrx_word' id='word_1_8' title='bbox 506 828 587 896; x_wconf 78' lang='lat' dir='ltr'><strong>eo</strong></span> <span class='ocrx_word' id='word_1_9' title='bbox 630 827 801 912; x_wconf 71' lang='lat' dir='ltr'><strong>dim,</strong></span> <span class='ocrx_word' id='word_1_10' title='bbox 845 849 934 895; x_wconf 92' lang='lat' dir='ltr'><strong>ne</strong></span> <span class='ocrx_word' id='word_1_11' title='bbox 974 828 1082 895; x_wconf 72' lang='lat' dir='ltr'><strong>me</strong></span> <span class='ocrx_word' id='word_1_12' title='bbox 1126 829 1523 897; x_wconf 80' lang='lat' dir='ltr'><strong>thensauros</strong></span> <span class='ocrx_word' id='word_1_13' title='bbox 1566 830 1944 917; x_wconf 76' lang='lat' dir='ltr'><strong>repperisse</strong></span> <span class='ocrx_word' id='word_1_14' title='bbox 1986 834 2274 904; x_wconf 75' lang='lat' dir='ltr'><strong>censeas.</strong></span> 
     </span>
     <span class='ocr_line' id='line_1_4' title="bbox 1312 950 1788 1019; baseline 0.013 -5"><span class='ocrx_word' id='word_1_15' title='bbox 1312 950 1788 1019; x_wconf 74' lang='lat' dir='ltr'><strong>MEGADons</strong></span> 
     </span>
     <span class='ocr_line' id='line_1_5' title="bbox 504 1064 1595 1151; baseline 0.002 -19"><span class='ocrx_word' id='word_1_16' title='bbox 504 1064 710 1135; x_wconf 76' lang='lat' dir='ltr'><strong>noui:</strong></span> <span class='ocrx_word' id='word_1_17' title='bbox 769 1085 856 1131; x_wconf 92' lang='lat' dir='ltr'><strong>ne</strong></span> <span class='ocrx_word' id='word_1_18' title='bbox 898 1065 1158 1133; x_wconf 74' lang='lat' dir='ltr'><strong>doceas.</strong></span> <span class='ocrx_word' id='word_1_19' title='bbox 1229 1066 1595 1151; x_wconf 83' lang='lat' dir='ltr'><strong>desponde.</strong></span> 
     </span>
     <span class='ocr_line' id='line_1_6' title="bbox 1388 1184 1688 1252; baseline 0.007 -2"><span class='ocrx_word' id='word_1_20' title='bbox 1388 1184 1688 1252; x_wconf 80' lang='lat' dir='ltr'><strong>Evcmo.</strong></span> 
     </span>
     <span class='ocr_line' id='line_1_7' title="bbox 1613 1301 2484 1392; baseline 0.008 -24"><span class='ocrx_word' id='word_1_21' title='bbox 1613 1301 1755 1371; x_wconf 82' lang='lat' dir='ltr'><strong>fiat.</strong></span> <span class='ocrx_word' id='word_1_22' title='bbox 1824 1303 1947 1371; x_wconf 89' lang='lat' dir='ltr'><strong>sed</strong></span> <span class='ocrx_word' id='word_1_23' title='bbox 1986 1325 2113 1391; x_wconf 89' lang='lat' dir='ltr'><strong>pro</strong></span> <span class='ocrx_word' id='word_1_24' title='bbox 2157 1305 2484 1392; x_wconf 71' lang='lat' dir='ltr'><strong>Iuppiter,</strong></span> 
     </span>
     <span class='ocr_line' id='line_1_8' title="bbox 336 1412 2738 1501; baseline 0.008 -25"><span class='ocrx_word' id='word_1_25' title='bbox 336 1429 465 1493; x_wconf 90' lang='lat'><strong>240</strong></span> <span class='ocrx_word' id='word_1_26' title='bbox 506 1434 671 1480; x_wconf 92' lang='lat' dir='ltr'><strong>num</strong></span> <span class='ocrx_word' id='word_1_27' title='bbox 713 1412 839 1499; x_wconf 76' lang='lat' dir='ltr'><strong>ego</strong></span> <span class='ocrx_word' id='word_1_28' title='bbox 883 1414 1204 1501; x_wconf 64' lang='lat' dir='ltr'><strong>disperii?</strong></span> <span class='ocrx_word' id='word_1_29' title='bbox 2677 1444 2738 1489; x_wconf 80' lang='lat'><strong>05</strong></span> 
     </span>
     <span class='ocr_line' id='line_1_9' title="bbox 1291 1534 1773 1605; baseline 0.008 -4"><span class='ocrx_word' id='word_1_30' title='bbox 1291 1534 1773 1605; x_wconf 73' lang='lat' dir='ltr'><strong>MnoAnossvs.</strong></span> 
     </span>
     <span class='ocr_line' id='line_1_10' title="bbox 1187 1649 1631 1735; baseline 0.011 -19"><span class='ocrx_word' id='word_1_31' title='bbox 1187 1649 1353 1735; x_wconf 84' lang='lat' dir='ltr'><strong>quid</strong></span> <span class='ocrx_word' id='word_1_32' title='bbox 1396 1652 1631 1721; x_wconf 70' lang='lat' dir='ltr'><strong>tibist?</strong></span> 
     </span>
     <span class='ocr_line' id='line_1_11' title="bbox 1390 1769 1694 1837; baseline 0.007 -2"><span class='ocrx_word' id='word_1_33' title='bbox 1390 1769 1694 1837; x_wconf 59' lang='lat' dir='ltr'><strong>Evam.-</strong></span> 
     </span>
     <span class='ocr_line' id='line_1_12' title="bbox 1458 1886 2738 1976; baseline 0.017 -27"><span class='ocrx_word' id='word_1_34' title='bbox 1458 1886 1629 1969; x_wconf 88' lang='lat' dir='ltr'><strong>quid</strong></span> <span class='ocrx_word' id='word_1_35' title='bbox 1672 1886 1933 1972; x_wconf 72' lang='lat' dir='ltr'><strong>crepuit</strong></span> <span class='ocrx_word' id='word_1_36' title='bbox 1953 1892 2168 1976; x_wconf 89' lang='lat' dir='ltr'><strong>quasi</strong></span> <span class='ocrx_word' id='word_1_37' title='bbox 2210 1894 2461 1964; x_wconf 83' lang='lat' dir='ltr'><strong>fernim</strong></span> <span class='ocrx_word' id='word_1_38' title='bbox 2504 1901 2738 1970; x_wconf 73' lang='lat' dir='ltr'><strong>modo?</strong></span> 
     </span>
     <span class='ocr_line' id='line_1_13' title="bbox 499 2002 2735 2105; baseline 0.008 -36"><span class='ocrx_word' id='word_1_39' title='bbox 499 2002 570 2069; x_wconf 81' lang='lat' dir='ltr'><strong>ni</strong></span> <span class='ocrx_word' id='word_1_40' title='bbox 628 2004 873 2072; x_wconf 89' lang='lat' dir='ltr'><strong>mirum</strong></span> <span class='ocrx_word' id='word_1_41' title='bbox 944 2003 1227 2088; x_wconf 80' lang='lat' dir='ltr'><strong>occidor,</strong></span> <span class='ocrx_word' id='word_1_42' title='bbox 1285 2004 1417 2071; x_wconf 91' lang='lat' dir='ltr'><strong>nisi</strong></span> <span class='ocrx_word' id='word_1_43' title='bbox 1474 2026 1601 2090; x_wconf 91' lang='lat' dir='ltr'><strong>ego</strong></span> <span class='ocrx_word' id='word_1_44' title='bbox 1660 2006 1839 2075; x_wconf 91' lang='lat' dir='ltr'><strong>intro</strong></span> <span class='ocrx_word' id='word_1_45' title='bbox 1895 2009 2031 2077; x_wconf 91' lang='lat' dir='ltr'><strong>huc</strong></span> <span class='ocrx_word' id='word_1_46' title='bbox 2094 2012 2380 2098; x_wconf 80' lang='lat' dir='ltr'><strong>propere</strong></span> <span class='ocrx_word' id='word_1_47' title='bbox 2445 2039 2735 2105; x_wconf 91' lang='lat' dir='ltr'><strong>propero</strong></span> 
     </span>
     <span class='ocr_line' id='line_1_14' title="bbox 1374 2127 2734 2219; baseline 0.015 -36"><span class='ocrx_word' id='word_1_48' title='bbox 1374 2187 1379 2191; x_wconf 62' lang='grc'>,</span> <span class='ocrx_word' id='word_1_49' title='bbox 2040 2127 2323 2199; x_wconf 78' lang='lat' dir='ltr'><strong>currere.</strong></span> <span class='ocrx_word' id='word_1_50' title='bbox 2497 2136 2565 2202; x_wconf 92' lang='lat'><strong>11</strong></span> <span class='ocrx_word' id='word_1_51' title='bbox 2594 2154 2642 2219; x_wconf 84' lang='lat'><strong>8,</strong></span> <span class='ocrx_word' id='word_1_52' title='bbox 2672 2156 2734 2204; x_wconf 77' lang='lat'><strong>23</strong></span> 
     </span>
     <span class='ocr_line' id='line_1_15' title="bbox 542 2241 1768 2327; baseline 0.004 -21"><span class='ocrx_word' id='word_1_53' title='bbox 542 2302 549 2307; x_wconf 83' lang='lat'><em>.</em></span> <span class='ocrx_word' id='word_1_54' title='bbox 814 2324 817 2327; x_wconf 8' lang='grc' dir='ltr'><strong>Ἴ</strong></span> <span class='ocrx_word' id='word_1_55' title='bbox 1285 2241 1768 2311; x_wconf 75' lang='lat' dir='ltr'><strong>MEoAnonvss,</strong></span> 
     </span>
     <span class='ocr_line' id='line_1_16' title="bbox 497 2356 2732 2447; baseline 0.01 -22"><span class='ocrx_word' id='word_1_56' title='bbox 497 2358 609 2426; x_wconf 84' lang='lat' dir='ltr'><strong>hic</strong></span> <span class='ocrx_word' id='word_1_57' title='bbox 638 2358 821 2446; x_wconf 87' lang='lat' dir='ltr'><strong>apud</strong></span> <span class='ocrx_word' id='word_1_58' title='bbox 849 2380 959 2426; x_wconf 92' lang='lat' dir='ltr'><strong>me</strong></span> <span class='ocrx_word' id='word_1_59' title='bbox 986 2356 1257 2427; x_wconf 78' lang='lat' dir='ltr'><strong>hortum</strong></span> <span class='ocrx_word' id='word_1_60' title='bbox 1287 2360 1645 2430; x_wconf 82' lang='lat' dir='ltr'><strong>confodere</strong></span> <span class='ocrx_word' id='word_1_61' title='bbox 1674 2363 1853 2432; x_wconf 76' lang='lat' dir='ltr'><strong>iussi.</strong></span> <span class='ocrx_word' id='word_1_62' title='bbox 1895 2368 2017 2435; x_wconf 88' lang='lat' dir='ltr'><strong>sed</strong></span> <span class='ocrx_word' id='word_1_63' title='bbox 2044 2370 2164 2437; x_wconf 90' lang='lat' dir='ltr'><strong>ubi</strong></span> <span class='ocrx_word' id='word_1_64' title='bbox 2191 2369 2351 2439; x_wconf 88' lang='lat' dir='ltr'><strong>hinc</strong></span> <span class='ocrx_word' id='word_1_65' title='bbox 2372 2372 2468 2442; x_wconf 82' lang='lat' dir='ltr'><strong>eit</strong></span> <span class='ocrx_word' id='word_1_66' title='bbox 2495 2376 2732 2447; x_wconf 76' lang='lat' dir='ltr'><strong>homo?</strong></span> 
     </span>
     <span class='ocr_line' id='line_1_17' title="bbox 500 2478 2242 2572; baseline 0.007 -28"><span class='ocrx_word' id='word_1_67' title='bbox 500 2478 669 2545; x_wconf 75' lang='lat' dir='ltr'><strong>abiit</strong></span> <span class='ocrx_word' id='word_1_68' title='bbox 711 2499 934 2563; x_wconf 92' lang='lat' dir='ltr'><strong>neque</strong></span> <span class='ocrx_word' id='word_1_69' title='bbox 973 2499 1084 2545; x_wconf 86' lang='lat' dir='ltr'><strong>me</strong></span> <span class='ocrx_word' id='word_1_70' title='bbox 1128 2478 1480 2546; x_wconf 72' lang='lat' dir='ltr'><strong>certiorem</strong></span> <span class='ocrx_word' id='word_1_71' title='bbox 1524 2480 1727 2552; x_wconf 74' lang='lat' dir='ltr'><strong>fecit:</strong></span> <span class='ocrx_word' id='word_1_72' title='bbox 1788 2483 2049 2555; x_wconf 76' lang='lat' dir='ltr'><strong>fastidit</strong></span> <span class='ocrx_word' id='word_1_73' title='bbox 2091 2489 2242 2572; x_wconf 89' lang='lat' dir='ltr'><strong>mei,</strong></span> 
     </span>
     <span class='ocr_line' id='line_1_18' title="bbox 498 2596 2726 2686; baseline 0.01 -23"><span class='ocrx_word' id='word_1_74' title='bbox 498 2596 658 2684; x_wconf 82' lang='lat' dir='ltr'><strong>quia</strong></span> <span class='ocrx_word' id='word_1_75' title='bbox 698 2599 890 2666; x_wconf 87' lang='lat' dir='ltr'><strong>uidet</strong></span> <span class='ocrx_word' id='word_1_76' title='bbox 932 2620 1041 2665; x_wconf 92' lang='lat' dir='ltr'><strong>me</strong></span> <span class='ocrx_word' id='word_1_77' title='bbox 1084 2598 1273 2666; x_wconf 77' lang='lat' dir='ltr'><strong>suam</strong></span> <span class='ocrx_word' id='word_1_78' title='bbox 1317 2601 1682 2671; x_wconf 82' lang='lat' dir='ltr'><strong>amicitiam</strong></span> <span class='ocrx_word' id='word_1_79' title='bbox 1711 2603 1903 2674; x_wconf 76' lang='lat' dir='ltr'><strong>uelle.</strong></span> <span class='ocrx_word' id='word_1_80' title='bbox 1944 2628 2133 2678; x_wconf 89' lang='lat' dir='ltr'><strong>more</strong></span> <span class='ocrx_word' id='word_1_81' title='bbox 2171 2610 2516 2682; x_wconf 75' lang='lat' dir='ltr'><strong>hominum</strong></span> <span class='ocrx_word' id='word_1_82' title='bbox 2545 2615 2726 2686; x_wconf 86' lang='lat' dir='ltr'><strong>facit.</strong></span> 
     </span>
     <span class='ocr_line' id='line_1_19' title="bbox 327 2717 2443 2817; baseline 0.009 -35"><span class='ocrx_word' id='word_1_83' title='bbox 327 2732 447 2798; x_wconf 87' lang='lat'><strong>245</strong></span> <span class='ocrx_word' id='word_1_84' title='bbox 498 2718 655 2784; x_wconf 75' lang='lat' dir='ltr'><strong>nam</strong></span> <span class='ocrx_word' id='word_1_85' title='bbox 700 2717 758 2784; x_wconf 92' lang='lat' dir='ltr'><strong>si</strong></span> <span class='ocrx_word' id='word_1_86' title='bbox 801 2719 1162 2803; x_wconf 90' lang='lat' dir='ltr'><strong>opulentus</strong></span> <span class='ocrx_word' id='word_1_87' title='bbox 1206 2719 1302 2788; x_wconf 78' lang='lat' dir='ltr'><strong>eit</strong></span> <span class='ocrx_word' id='word_1_88' title='bbox 1342 2723 1634 2807; x_wconf 90' lang='lat' dir='ltr'><strong>petitum</strong></span> <span class='ocrx_word' id='word_1_89' title='bbox 1678 2724 2095 2813; x_wconf 77' lang='lat' dir='ltr'><strong>pauperioris</strong></span> <span class='ocrx_word' id='word_1_90' title='bbox 2137 2730 2443 2817; x_wconf 71' lang='lat' dir='ltr'><strong>gratiam,</strong></span> 
     </span>
     <span class='ocr_line' id='line_1_20' title="bbox 497 2830 2728 2938; baseline 0.008 -33"><span class='ocrx_word' id='word_1_91' title='bbox 497 2839 755 2925; x_wconf 77' lang='lat' dir='ltr'><strong>pauper</strong></span> <span class='ocrx_word' id='word_1_92' title='bbox 796 2841 1040 2908; x_wconf 88' lang='lat' dir='ltr'><strong>metuit</strong></span> <span class='ocrx_word' id='word_1_93' title='bbox 1084 2840 1474 2927; x_wconf 80' lang='lat' dir='ltr'><strong>congrediri</strong></span> <span class='ocrx_word' id='word_1_94' title='bbox 1488 2868 1510 2912; x_wconf 91' lang='lat'><strong>.·</strong></span> <span class='ocrx_word' id='word_1_95' title='bbox 1566 2844 1690 2931; x_wconf 75' lang='lat' dir='ltr'><strong>per</strong></span> <span class='ocrx_word' id='word_1_96' title='bbox 1731 2830 1987 2929; x_wconf 79' lang='lat' dir='ltr'><strong>metum</strong></span> <span class='ocrx_word' id='word_1_97' title='bbox 2030 2848 2206 2916; x_wconf 92' lang='lat' dir='ltr'><strong>male</strong></span> <span class='ocrx_word' id='word_1_98' title='bbox 2248 2850 2389 2918; x_wconf 73' lang='lat' dir='ltr'><strong>rem</strong></span> <span class='ocrx_word' id='word_1_99' title='bbox 2433 2855 2624 2938; x_wconf 87' lang='lat' dir='ltr'><strong>gerit.</strong></span> <span class='ocrx_word' id='word_1_100' title='bbox 2667 2875 2728 2922; x_wconf 74' lang='lat' dir='ltr'><strong>&#39;to</strong></span> 
     </span>
     <span class='ocr_line' id='line_1_21' title="bbox 495 2956 2431 3054; baseline 0.006 -31"><span class='ocrx_word' id='word_1_101' title='bbox 495 2956 675 3025; x_wconf 84' lang='lat' dir='ltr'><strong>idem</strong></span> <span class='ocrx_word' id='word_1_102' title='bbox 717 2958 990 3042; x_wconf 88' lang='lat' dir='ltr'><strong>quando</strong></span> <span class='ocrx_word' id='word_1_103' title='bbox 1032 2957 1225 3025; x_wconf 73' lang='lat' dir='ltr'><strong>illaec</strong></span> <span class='ocrx_word' id='word_1_104' title='bbox 1268 2960 1528 3027; x_wconf 89' lang='lat' dir='ltr'><strong>occasio</strong></span> <span class='ocrx_word' id='word_1_105' title='bbox 1571 2960 1789 3045; x_wconf 72' lang='lat' dir='ltr'><strong>periit,</strong></span> <span class='ocrx_word' id='word_1_106' title='bbox 1834 2967 1990 3047; x_wconf 90' lang='lat' dir='ltr'><strong>post</strong></span> <span class='ocrx_word' id='word_1_107' title='bbox 2032 2964 2181 3032; x_wconf 78' lang='lat' dir='ltr'><strong>sero</strong></span> <span class='ocrx_word' id='word_1_108' title='bbox 2225 2967 2431 3054; x_wconf 85' lang='lat' dir='ltr'><strong>cupit.</strong></span> 
     </span>
     <span class='ocr_line' id='line_1_22' title="bbox 1382 3078 1674 3147; baseline 0.01 -3"><span class='ocrx_word' id='word_1_109' title='bbox 1382 3078 1674 3147; x_wconf 79' lang='lat' dir='ltr'><strong>Echm.</strong></span> 
     </span>
     <span class='ocr_line' id='line_1_23' title="bbox 493 3192 2726 3288; baseline 0.007 -27"><span class='ocrx_word' id='word_1_110' title='bbox 493 3195 551 3262; x_wconf 91' lang='lat' dir='ltr'><strong>si</strong></span> <span class='ocrx_word' id='word_1_111' title='bbox 606 3192 832 3263; x_wconf 72' lang='lat' dir='ltr'><strong>hercle</strong></span> <span class='ocrx_word' id='word_1_112' title='bbox 890 3215 1017 3278; x_wconf 87' lang='lat' dir='ltr'><strong>ego</strong></span> <span class='ocrx_word' id='word_1_113' title='bbox 1072 3199 1144 3262; x_wconf 90' lang='lat' dir='ltr'><strong>te</strong></span> <span class='ocrx_word' id='word_1_114' title='bbox 1199 3215 1336 3261; x_wconf 93' lang='lat' dir='ltr'><strong>non</strong></span> <span class='ocrx_word' id='word_1_115' title='bbox 1396 3194 1867 3281; x_wconf 76' lang='lat' dir='ltr'><strong>elinguandam</strong></span> <span class='ocrx_word' id='word_1_116' title='bbox 1925 3198 2173 3267; x_wconf 71' lang='lat' dir='ltr'><strong>dedero</strong></span> <span class='ocrx_word' id='word_1_117' title='bbox 2223 3221 2440 3288; x_wconf 90' lang='lat' dir='ltr'><strong>usque</strong></span> <span class='ocrx_word' id='word_1_118' title='bbox 2485 3206 2573 3273; x_wconf 89' lang='lat' dir='ltr'><strong>ab</strong></span> <span class='ocrx_word' id='word_1_119' title='bbox 2623 3229 2726 3275; x_wconf 88' lang='lat' dir='ltr'><strong>ra-</strong></span> 
     </span>
    </p>
   </div>
   <div class='ocr_carea' id='block_1_3' title="bbox 492 3317 2727 3522">
    <p class='ocr_par' dir='ltr' id='par_1_3' title="bbox 492 3317 2727 3522">
     <span class='ocr_line' id='line_1_24' title="bbox 2033 3317 2293 3385; baseline 0 0"><span class='ocrx_word' id='word_1_120' title='bbox 2033 3317 2293 3385; x_wconf 82' lang='lat' dir='ltr'><strong>dicibus</strong></span> 
     </span>
     <span class='ocr_line' id='line_1_25' title="bbox 492 3370 2727 3522; baseline 0.004 -20"><span class='ocrx_word' id='word_1_121' title='bbox 492 3435 726 3522; x_wconf 85' lang='lat' dir='ltr'><strong>inpero</strong></span> <span class='ocrx_word' id='word_1_122' title='bbox 760 3435 1020 3520; x_wconf 88' lang='lat' dir='ltr'><strong>(auctor</strong></span> <span class='ocrx_word' id='word_1_123' title='bbox 1047 3438 1164 3522; x_wconf 63' lang='lat'><strong>490</strong></span> <span class='ocrx_word' id='word_1_124' title='bbox 1193 3435 1390 3520; x_wconf 90' lang='lat' dir='ltr'><strong>sum),</strong></span> <span class='ocrx_word' id='word_1_125' title='bbox 1421 3438 1503 3503; x_wconf 92' lang='lat' dir='ltr'><strong>ut</strong></span> <span class='ocrx_word' id='word_1_126' title='bbox 1536 3438 1616 3501; x_wconf 88' lang='lat' dir='ltr'><strong>tu</strong></span> <span class='ocrx_word' id='word_1_127' title='bbox 1643 3456 1752 3503; x_wconf 88' lang='lat' dir='ltr'><strong>me</strong></span> <span class='ocrx_word' id='word_1_128' title='bbox 1781 3435 2046 3521; x_wconf 83' lang='lat' dir='ltr'><strong>quoiuis</strong></span> <span class='ocrx_word' id='word_1_129' title='bbox 2076 3370 2501 3507; x_wconf 64' lang='lat' dir='ltr'><strong>castrandum</strong></span> <span class='ocrx_word' id='word_1_130' title='bbox 2528 3442 2727 3511; x_wconf 87' lang='lat' dir='ltr'><strong>loces.</strong></span> 
     </span>
    </p>
   </div>
   <div class='ocr_carea' id='block_1_4' title="bbox 318 3721 2727 4047">
    <p class='ocr_par' dir='ltr' id='par_1_4' title="bbox 318 3721 2727 4047">
     <span class='ocr_line' id='line_1_26' title="bbox 323 3721 2721 3796; baseline 0.003 -22"><span class='ocrx_word' id='word_1_131' title='bbox 323 3721 640 3778; x_wconf 77' lang='lat' dir='ltr'><strong>Aulularia</strong></span> <span class='ocrx_word' id='word_1_132' title='bbox 653 3742 673 3779; x_wconf 93' lang='lat'><strong>.·</strong></span> <span class='ocrx_word' id='word_1_133' title='bbox 726 3722 1026 3779; x_wconf 92' lang='lat' dir='ltr'><strong>dummodo</strong></span> <span class='ocrx_word' id='word_1_134' title='bbox 1062 3726 1279 3779; x_wconf 80' lang='lat' dir='ltr'><strong>morata</strong></span> <span class='ocrx_word' id='word_1_135' title='bbox 1315 3725 1468 3778; x_wconf 87' lang='lat' dir='ltr'><strong>recte</strong></span> <span class='ocrx_word' id='word_1_136' title='bbox 1503 3722 1709 3792; x_wconf 87' lang='lat' dir='ltr'><strong>ueniat,</strong></span> <span class='ocrx_word' id='word_1_137' title='bbox 1734 3721 1929 3778; x_wconf 83' lang='lat' dir='ltr'><strong>dotata</strong></span> <span class='ocrx_word' id='word_1_138' title='bbox 1968 3725 2057 3779; x_wconf 87' lang='lat' dir='ltr'><strong>est</strong></span> <span class='ocrx_word' id='word_1_139' title='bbox 2093 3723 2231 3778; x_wconf 88' lang='lat' dir='ltr'><strong>satis</strong></span> <span class='ocrx_word' id='word_1_140' title='bbox 2264 3723 2493 3779; x_wconf 66' lang='lat' dir='ltr'><strong>Nonius</strong></span> <span class='ocrx_word' id='word_1_141' title='bbox 2526 3740 2648 3796; x_wconf 88' lang='lat'>434,</span> <span class='ocrx_word' id='word_1_142' title='bbox 2680 3743 2721 3781; x_wconf 90' lang='lat'><strong>1.</strong></span> 
     </span>
     <span class='ocr_line' id='line_1_27' title="bbox 321 3801 2725 3885; baseline 0.003 -23"><span class='ocrx_word' id='word_1_143' title='bbox 321 3807 514 3864; x_wconf 82' lang='lat' dir='ltr'><strong>dotata</strong></span> <span class='ocrx_word' id='word_1_144' title='bbox 538 3813 626 3864; x_wconf 86' lang='lat' dir='ltr'><strong>est</strong></span> <span class='ocrx_word' id='word_1_145' title='bbox 647 3808 710 3867; x_wconf 79' lang='lat' dir='ltr'><strong>J.</strong></span> <span class='ocrx_word' id='word_1_146' title='bbox 909 3816 1010 3867; x_wconf 87' lang='grc'><strong>239</strong></span> <span class='ocrx_word' id='word_1_147' title='bbox 1047 3828 1208 3867; x_wconf 89' lang='lat' dir='ltr'><strong>neme</strong></span> <span class='ocrx_word' id='word_1_148' title='bbox 1231 3812 1360 3866; x_wconf 86' lang='lat' dir='ltr'><strong>thes</strong></span> <span class='ocrx_word' id='word_1_149' title='bbox 1382 3801 1627 3867; x_wconf 74' lang='lat' dir='ltr'><strong>auros&#39;J.</strong></span> <span class='ocrx_word' id='word_1_150' title='bbox 1768 3810 2111 3880; x_wconf 89' lang='lat' dir='ltr'><strong>proiuppiter</strong></span> <span class='ocrx_word' id='word_1_151' title='bbox 2131 3808 2194 3867; x_wconf 79' lang='lat' dir='ltr'><strong>J.</strong></span> <span class='ocrx_word' id='word_1_152' title='bbox 2349 3816 2451 3865; x_wconf 94' lang='grc'><strong>240</strong></span> <span class='ocrx_word' id='word_1_153' title='bbox 2489 3810 2541 3865; x_wconf 90' lang='lat' dir='ltr'>N</span> <span class='ocrx_word' id='word_1_154' title='bbox 2543 3830 2638 3869; x_wconf 90' lang='lat' dir='ltr'><strong>um</strong></span> <span class='ocrx_word' id='word_1_155' title='bbox 2659 3812 2725 3885; x_wconf 79' lang='lat' dir='ltr'><strong>J,</strong></span> 
     </span>
     <span class='ocr_line' id='line_1_28' title="bbox 318 3893 2727 3968; baseline 0.002 -20"><span class='ocrx_word' id='word_1_156' title='bbox 318 3910 435 3948; x_wconf 93' lang='lat' dir='ltr'><strong>nun</strong></span> <span class='ocrx_word' id='word_1_157' title='bbox 466 3893 546 3963; x_wconf 77' lang='lat' dir='ltr'><strong>B,</strong></span> <span class='ocrx_word' id='word_1_158' title='bbox 570 3894 707 3950; x_wconf 85' lang='lat' dir='ltr'><strong>Pal.</strong></span> <span class='ocrx_word' id='word_1_159' title='bbox 733 3895 948 3965; x_wconf 70' lang='lat' dir='ltr'><strong>tertius,</strong></span> <span class='ocrx_word' id='word_1_160' title='bbox 987 3896 1102 3952; x_wconf 80' lang='lat' dir='ltr'><strong>cod.</strong></span> <span class='ocrx_word' id='word_1_161' title='bbox 1139 3897 1520 3951; x_wconf 72' lang='lat' dir='ltr'><strong>Burneianus</strong></span> <span class='ocrx_word' id='word_1_162' title='bbox 1557 3897 1675 3962; x_wconf 89' lang='lat'><strong>228,</strong></span> <span class='ocrx_word' id='word_1_163' title='bbox 1713 3911 1821 3949; x_wconf 92' lang='lat' dir='ltr'><strong>non</strong></span> <span class='ocrx_word' id='word_1_164' title='bbox 1846 3911 1895 3962; x_wconf 87' lang='grc' dir='ltr'><strong>γ,</strong></span> <span class='ocrx_word' id='word_1_165' title='bbox 1918 3895 2098 3950; x_wconf 79' lang='lat' dir='ltr'><strong>ceteri.</strong></span> <span class='ocrx_word' id='word_1_166' title='bbox 2262 3893 2413 3963; x_wconf 89' lang='lat' dir='ltr'><strong>quod</strong></span> <span class='ocrx_word' id='word_1_167' title='bbox 2449 3893 2564 3965; x_wconf 86' lang='lat' dir='ltr'><strong>Ba,</strong></span> <span class='ocrx_word' id='word_1_168' title='bbox 2589 3899 2727 3968; x_wconf 88' lang='lat' dir='ltr'><strong>quid</strong></span> 
     </span>
     <span class='ocr_line' id='line_1_29' title="bbox 321 3974 2723 4047; baseline 0.002 -13"><span class='ocrx_word' id='word_1_169' title='bbox 321 3974 435 4034; x_wconf 84' lang='lat' dir='ltr'><strong>Bb.</strong></span> <span class='ocrx_word' id='word_1_170' title='bbox 591 3979 698 4034; x_wconf 89' lang='lat' dir='ltr'><strong>tibi</strong></span> <span class='ocrx_word' id='word_1_171' title='bbox 722 3982 809 4034; x_wconf 88' lang='lat' dir='ltr'><strong>est</strong></span> <span class='ocrx_word' id='word_1_172' title='bbox 846 3978 944 4045; x_wconf 76' lang='grc' dir='ltr'><strong>ιῐγ.</strong></span> <span class='ocrx_word' id='word_1_173' title='bbox 1085 3985 1183 4035; x_wconf 87' lang='grc'><strong>241</strong></span> <span class='ocrx_word' id='word_1_174' title='bbox 1222 3981 1325 4035; x_wconf 73' lang='lat' dir='ltr'><strong>hoo</strong></span> <span class='ocrx_word' id='word_1_175' title='bbox 1354 3979 1469 4035; x_wconf 87' lang='lat' dir='ltr'><strong>loco</strong></span> <span class='ocrx_word' id='word_1_176' title='bbox 1509 3980 1659 4034; x_wconf 76' lang='lat' dir='ltr'><strong>deest</strong></span> <span class='ocrx_word' id='word_1_177' title='bbox 1697 3978 1766 4032; x_wconf 79' lang='lat' dir='ltr'><strong>in</strong></span> <span class='ocrx_word' id='word_1_178' title='bbox 1801 3980 2065 4033; x_wconf 74' lang='lat' dir='ltr'><strong>omnibus</strong></span> <span class='ocrx_word' id='word_1_179' title='bbox 2081 3979 2259 4046; x_wconf 65' lang='lat' dir='ltr'><strong>libr-ie,</strong></span> <span class='ocrx_word' id='word_1_180' title='bbox 2283 3983 2346 4033; x_wconf 79' lang='lat' dir='ltr'><strong>in</strong></span> <span class='ocrx_word' id='word_1_181' title='bbox 2380 3982 2585 4047; x_wconf 67' lang='lat' dir='ltr'><strong>quibus</strong></span> <span class='ocrx_word' id='word_1_182' title='bbox 2619 3984 2723 4039; x_wconf 85' lang='lat' dir='ltr'><strong>ad·-</strong></span> 
     </span>
    </p>
   </div>
   <div class='ocr_carea' id='block_1_5' title="bbox 307 4064 2726 4506">
    <p class='ocr_par' dir='ltr' id='par_1_5' title="bbox 307 4064 2726 4506">
     <span class='ocr_line' id='line_1_30' title="bbox 320 4064 2726 4137; baseline 0.001 -18"><span class='ocrx_word' id='word_1_183' title='bbox 320 4065 489 4119; x_wconf 81' lang='lat' dir='ltr'><strong>ditur</strong></span> <span class='ocrx_word' id='word_1_184' title='bbox 500 4073 629 4134; x_wconf 71' lang='lat' dir='ltr'><strong>post</strong></span> <span class='ocrx_word' id='word_1_185' title='bbox 646 4072 774 4122; x_wconf 89' lang='lat'><strong>390:</strong></span> <span class='ocrx_word' id='word_1_186' title='bbox 813 4067 879 4120; x_wconf 79' lang='lat' dir='ltr'><strong>in</strong></span> <span class='ocrx_word' id='word_1_187' title='bbox 890 4066 1203 4134; x_wconf 69' lang='lat' dir='ltr'><strong>yenuinam</strong></span> <span class='ocrx_word' id='word_1_188' title='bbox 1226 4068 1412 4122; x_wconf 70' lang='lat' dir='ltr'><strong>sedem</strong></span> <span class='ocrx_word' id='word_1_189' title='bbox 1436 4065 1645 4121; x_wconf 73' lang='lat' dir='ltr'><strong>reduxi</strong></span> <span class='ocrx_word' id='word_1_190' title='bbox 1648 4073 1672 4119; x_wconf 85' lang='lat' dir='ltr'><em>t</em></span> <span class='ocrx_word' id='word_1_191' title='bbox 1687 4064 2031 4120; x_wconf 73' lang='lat' dir='ltr'><strong>Bitsclaelius</strong></span> <span class='ocrx_word' id='word_1_192' title='bbox 2047 4064 2236 4118; x_wconf 90' lang='lat' dir='ltr'><strong>Proll.</strong></span> <span class='ocrx_word' id='word_1_193' title='bbox 2261 4081 2420 4118; x_wconf 81' lang='lat' dir='ltr'><strong>cxxx.</strong></span> <span class='ocrx_word' id='word_1_194' title='bbox 2489 4084 2726 4137; x_wconf 80' lang='lat' dir='ltr'><strong>propere</strong></span> 
     </span>
     <span class='ocr_line' id='line_1_31' title="bbox 320 4140 2726 4218; baseline 0 -14"><span class='ocrx_word' id='word_1_195' title='bbox 320 4148 556 4218; x_wconf 71' lang='lat' dir='ltr'><strong>deest-1,</strong></span> <span class='ocrx_word' id='word_1_196' title='bbox 580 4152 749 4206; x_wconf 71' lang='lat' dir='ltr'><strong>cuius</strong></span> <span class='ocrx_word' id='word_1_197' title='bbox 776 4150 1113 4206; x_wconf 81' lang='lat' dir='ltr'><strong>auctoritate</strong></span> <span class='ocrx_word' id='word_1_198' title='bbox 1152 4151 1346 4205; x_wconf 75' lang='lat' dir='ltr'><strong>utitur</strong></span> <span class='ocrx_word' id='word_1_199' title='bbox 1382 4140 1679 4203; x_wconf 65' lang='lat' dir='ltr'><strong>Bentlbius</strong></span> <span class='ocrx_word' id='word_1_200' title='bbox 1715 4149 1795 4202; x_wconf 82' lang='lat' dir='ltr'><strong>acl</strong></span> <span class='ocrx_word' id='word_1_201' title='bbox 1836 4147 1958 4202; x_wconf 82' lang='lat' dir='ltr'><strong>Ter.</strong></span> <span class='ocrx_word' id='word_1_202' title='bbox 1984 4146 2163 4200; x_wconf 83' lang='lat' dir='ltr'><strong>Haut.</strong></span> <span class='ocrx_word' id='word_1_203' title='bbox 2190 4147 2311 4200; x_wconf 82' lang='lat' dir='ltr'><strong>tim.</strong></span> <span class='ocrx_word' id='word_1_204' title='bbox 2337 4162 2374 4200; x_wconf 87' lang='lat'><strong>1.</strong></span> <span class='ocrx_word' id='word_1_205' title='bbox 2407 4162 2449 4214; x_wconf 93' lang='lat'><strong>1,</strong></span> <span class='ocrx_word' id='word_1_206' title='bbox 2476 4163 2544 4200; x_wconf 93' lang='lat'><strong>20</strong></span> <span class='ocrx_word' id='word_1_207' title='bbox 2567 4151 2726 4217; x_wconf 77' lang='lat' dir='ltr'><strong>(uide</strong></span> 
     </span>
     <span class='ocr_line' id='line_1_32' title="bbox 307 4232 2720 4306; baseline -0.001 -15"><span class='ocrx_word' id='word_1_208' title='bbox 307 4237 771 4306; x_wconf 59' lang='lat' dir='ltr'><strong>praafationem),</strong></span> <span class='ocrx_word' id='word_1_209' title='bbox 795 4244 849 4291; x_wconf 83' lang='lat' dir='ltr'><strong>et</strong></span> <span class='ocrx_word' id='word_1_210' title='bbox 871 4254 918 4303; x_wconf 88' lang='grc' dir='ltr'><strong>γ.</strong></span> <span class='ocrx_word' id='word_1_211' title='bbox 1084 4243 1186 4292; x_wconf 87' lang='grc'><strong>242</strong></span> <span class='ocrx_word' id='word_1_212' title='bbox 1221 4236 1428 4292; x_wconf 77' lang='lat' dir='ltr'><strong>¹¹ortum</strong></span> <span class='ocrx_word' id='word_1_213' title='bbox 1451 4235 1513 4293; x_wconf 77' lang='lat' dir='ltr'><strong>J.</strong></span> <span class='ocrx_word' id='word_1_214' title='bbox 1678 4233 1784 4304; x_wconf 88' lang='lat' dir='ltr'><strong>eit]</strong></span> <span class='ocrx_word' id='word_1_215' title='bbox 1808 4233 1917 4287; x_wconf 83' lang='lat' dir='ltr'><strong>‘ita</strong></span> <span class='ocrx_word' id='word_1_216' title='bbox 1941 4232 2317 4300; x_wconf 79' lang='lat' dir='ltr'><strong>omniuofuit</strong></span> <span class='ocrx_word' id='word_1_217' title='bbox 2342 4232 2408 4286; x_wconf 78' lang='lat' dir='ltr'><strong>iu</strong></span> <span class='ocrx_word' id='word_1_218' title='bbox 2432 4232 2496 4289; x_wconf 87' lang='lat' dir='ltr'><strong>B</strong></span> <span class='ocrx_word' id='word_1_219' title='bbox 2511 4252 2627 4302; x_wconf 79' lang='lat' dir='ltr'><strong>pro</strong></span> <span class='ocrx_word' id='word_1_220' title='bbox 2650 4236 2720 4291; x_wconf 86' lang='lat' dir='ltr'><strong>it&#39;</strong></span> 
     </span>
     <span class='ocr_line' id='line_1_33' title="bbox 315 4319 2722 4391; baseline 0 -15"><span class='ocrx_word' id='word_1_221' title='bbox 315 4323 566 4391; x_wconf 69' lang='lat' dir='ltr'><strong>Parcus,</strong></span> <span class='ocrx_word' id='word_1_222' title='bbox 589 4327 677 4377; x_wconf 88' lang='lat' dir='ltr'><strong>est</strong></span> <span class='ocrx_word' id='word_1_223' title='bbox 700 4324 769 4377; x_wconf 74' lang='lat' dir='ltr'><strong>iu</strong></span> <span class='ocrx_word' id='word_1_224' title='bbox 792 4322 857 4379; x_wconf 81' lang='grc' dir='ltr'><strong>Β</strong></span> <span class='ocrx_word' id='word_1_225' title='bbox 879 4339 989 4379; x_wconf 68' lang='lat' dir='ltr'><strong>esse</strong></span> <span class='ocrx_word' id='word_1_226' title='bbox 1018 4324 1160 4378; x_wconf 80' lang='lat' dir='ltr'><strong>dicit</strong></span> <span class='ocrx_word' id='word_1_227' title='bbox 1188 4323 1489 4378; x_wconf 69' lang='lat' dir='ltr'><strong>Gruterus.</strong></span> <span class='ocrx_word' id='word_1_228' title='bbox 1561 4324 1649 4377; x_wconf 88' lang='lat' dir='ltr'><strong>est</strong></span> <span class='ocrx_word' id='word_1_229' title='bbox 1671 4320 1770 4391; x_wconf 74' lang='grc' dir='ltr'><strong>ιῐγ,</strong></span> <span class='ocrx_word' id='word_1_230' title='bbox 1795 4320 1900 4390; x_wconf 81' lang='lat' dir='ltr'><strong>qui</strong></span> <span class='ocrx_word' id='word_1_231' title='bbox 1920 4319 2101 4374; x_wconf 73' lang='lat' dir='ltr'><strong>simul</strong></span> <span class='ocrx_word' id='word_1_232' title='bbox 2130 4319 2220 4374; x_wconf 90' lang='lat' dir='ltr'><strong>hic</strong></span> <span class='ocrx_word' id='word_1_233' title='bbox 2250 4320 2469 4378; x_wconf 72' lang='lat' dir='ltr'><strong>habent.</strong></span> <span class='ocrx_word' id='word_1_234' title='bbox 2540 4322 2722 4377; x_wconf 83' lang='lat' dir='ltr'><strong>confo-</strong></span> 
     </span>
     <span class='ocr_line' id='line_1_34' title="bbox 317 4407 2720 4506; baseline 0.002 -45"><span class='ocrx_word' id='word_1_235' title='bbox 317 4408 427 4462; x_wconf 87' lang='lat' dir='ltr'><strong>diri</strong></span> <span class='ocrx_word' id='word_1_236' title='bbox 450 4408 711 4476; x_wconf 72' lang='lat' dir='ltr'><strong>Bothius,</strong></span> <span class='ocrx_word' id='word_1_237' title='bbox 734 4411 833 4463; x_wconf 70' lang='lat' dir='ltr'><strong>sed</strong></span> <span class='ocrx_word' id='word_1_238' title='bbox 850 4411 997 4479; x_wconf 57' lang='lat' dir='ltr'><strong>conf.</strong></span> <span class='ocrx_word' id='word_1_239' title='bbox 1037 4426 1093 4464; x_wconf 91' lang='lat' dir='ltr'><strong>u.</strong></span> <span class='ocrx_word' id='word_1_240' title='bbox 1118 4423 1237 4479; x_wconf 85' lang='lat'>351.</span> <span class='ocrx_word' id='word_1_241' title='bbox 1414 4416 1517 4466; x_wconf 83' lang='lat'><strong>243</strong></span> <span class='ocrx_word' id='word_1_242' title='bbox 1553 4410 1774 4464; x_wconf 78' lang='lat' dir='ltr'><strong>citatur</strong></span> <span class='ocrx_word' id='word_1_243' title='bbox 1804 4425 1842 4463; x_wconf 91' lang='lat' dir='ltr'><strong>a</strong></span> <span class='ocrx_word' id='word_1_244' title='bbox 1869 4407 2064 4463; x_wconf 78' lang='lat' dir='ltr'><strong>Nonio</strong></span> <span class='ocrx_word' id='word_1_245' title='bbox 2087 4408 2209 4478; x_wconf 89' lang='lat'><strong>496,</strong></span> <span class='ocrx_word' id='word_1_246' title='bbox 2240 4422 2318 4477; x_wconf 84' lang='lat'><strong>15.</strong></span> <span class='ocrx_word' id='word_1_247' title='bbox 2368 4477 2381 4506; x_wconf 54' lang='lat'><strong>¹</strong></span> <span class='ocrx_word' id='word_1_248' title='bbox 2501 4409 2581 4466; x_wconf 87' lang='lat' dir='ltr'><strong>eit</strong></span> <span class='ocrx_word' id='word_1_249' title='bbox 2603 4408 2720 4481; x_wconf 81' lang='lat' dir='ltr'><strong>Ba,</strong></span> 
     </span>
    </p>
   </div>
   <div class='ocr_carea' id='block_1_6' title="bbox 312 4510 2727 4843">
    <p class='ocr_par' dir='ltr' id='par_1_6' title="bbox 312 4510 2727 4843">
     <span class='ocr_line' id='line_1_35' title="bbox 316 4510 2727 4586; baseline 0.002 -21"><span class='ocrx_word' id='word_1_250' title='bbox 316 4511 364 4567; x_wconf 90' lang='lat' dir='ltr'><strong>it</strong></span> <span class='ocrx_word' id='word_1_251' title='bbox 389 4510 502 4567; x_wconf 82' lang='lat' dir='ltr'><strong>Bb.</strong></span> <span class='ocrx_word' id='word_1_252' title='bbox 686 4517 790 4567; x_wconf 85' lang='lat'><strong>244</strong></span> <span class='ocrx_word' id='word_1_253' title='bbox 827 4514 1114 4569; x_wconf 81' lang='lat' dir='ltr'><strong>audaciam</strong></span> <span class='ocrx_word' id='word_1_254' title='bbox 1139 4532 1186 4581; x_wconf 82' lang='grc' dir='ltr'><strong>γ.</strong></span> <span class='ocrx_word' id='word_1_255' title='bbox 1352 4520 1455 4569; x_wconf 84' lang='grc'><strong>245</strong></span> <span class='ocrx_word' id='word_1_256' title='bbox 1490 4513 1751 4583; x_wconf 89' lang='lat' dir='ltr'><strong>opulento</strong></span> <span class='ocrx_word' id='word_1_257' title='bbox 1775 4513 1848 4568; x_wconf 86' lang='lat' dir='ltr'><strong>sit</strong></span> <span class='ocrx_word' id='word_1_258' title='bbox 1869 4513 2107 4582; x_wconf 87' lang='lat' dir='ltr'><strong>petitum</strong></span> <span class='ocrx_word' id='word_1_259' title='bbox 2130 4511 2421 4585; x_wconf 85' lang='lat' dir='ltr'><strong>paupiores</strong></span> <span class='ocrx_word' id='word_1_260' title='bbox 2445 4511 2727 4586; x_wconf 83' lang='lat' dir='ltr'><strong>(pauperi-</strong></span> 
     </span>
     <span class='ocr_line' id='line_1_36' title="bbox 315 4598 2721 4671; baseline 0.001 -19"><span class='ocrx_word' id='word_1_261' title='bbox 315 4598 427 4653; x_wconf 85' lang='lat' dir='ltr'><strong>oris</strong></span> <span class='ocrx_word' id='word_1_262' title='bbox 449 4598 504 4667; x_wconf 87' lang='grc' dir='ltr'><strong>γ)</strong></span> <span class='ocrx_word' id='word_1_263' title='bbox 526 4599 767 4669; x_wconf 83' lang='lat' dir='ltr'><strong>graciam</strong></span> <span class='ocrx_word' id='word_1_264' title='bbox 798 4601 896 4668; x_wconf 62' lang='grc' dir='ltr'><strong>δγ.</strong></span> <span class='ocrx_word' id='word_1_265' title='bbox 1060 4608 1163 4658; x_wconf 87' lang='grc'><strong>246</strong></span> <span class='ocrx_word' id='word_1_266' title='bbox 1199 4602 1458 4671; x_wconf 82' lang='lat' dir='ltr'><strong>congredi</strong></span> <span class='ocrx_word' id='word_1_267' title='bbox 1489 4600 1645 4669; x_wconf 82' lang='lat' dir='ltr'><strong>libri,</strong></span> <span class='ocrx_word' id='word_1_268' title='bbox 1672 4599 1889 4655; x_wconf 78' lang='lat' dir='ltr'><strong>emend.</strong></span> <span class='ocrx_word' id='word_1_269' title='bbox 1914 4598 2231 4653; x_wconf 70' lang='lat' dir='ltr'><strong>Acidalius.</strong></span> <span class='ocrx_word' id='word_1_270' title='bbox 2370 4603 2473 4659; x_wconf 86' lang='grc'><strong>247</strong></span> <span class='ocrx_word' id='word_1_271' title='bbox 2508 4601 2721 4655; x_wconf 83' lang='lat' dir='ltr'><strong>occasio</strong></span> 
     </span>
     <span class='ocr_line' id='line_1_37' title="bbox 312 4682 2719 4754; baseline 0.002 -16"><span class='ocrx_word' id='word_1_272' title='bbox 312 4683 470 4739; x_wconf 83' lang='lat' dir='ltr'><strong>illaec</strong></span> <span class='ocrx_word' id='word_1_273' title='bbox 492 4685 729 4740; x_wconf 74' lang='lat' dir='ltr'><strong>Harius</strong></span> <span class='ocrx_word' id='word_1_274' title='bbox 751 4693 804 4741; x_wconf 78' lang='lat' dir='ltr'><strong>ot</strong></span> <span class='ocrx_word' id='word_1_275' title='bbox 828 4686 1090 4742; x_wconf 69' lang='lat' dir='ltr'><strong>Boclzius.</strong></span> <span class='ocrx_word' id='word_1_276' title='bbox 1232 4691 1334 4741; x_wconf 89' lang='grc'><strong>248</strong></span> <span class='ocrx_word' id='word_1_277' title='bbox 1370 4685 1720 4741; x_wconf 83' lang='lat' dir='ltr'><strong>abradicibus</strong></span> <span class='ocrx_word' id='word_1_278' title='bbox 1740 4682 1803 4741; x_wconf 79' lang='lat' dir='ltr'><strong>J.</strong></span> <span class='ocrx_word' id='word_1_279' title='bbox 1944 4689 2047 4738; x_wconf 90' lang='grc'><strong>249</strong></span> <span class='ocrx_word' id='word_1_280' title='bbox 2084 4688 2388 4754; x_wconf 83' lang='lat' dir='ltr'><strong>auctorque</strong></span> <span class='ocrx_word' id='word_1_281' title='bbox 2410 4702 2532 4739; x_wconf 86' lang='lat' dir='ltr'><strong>sum</strong></span> <span class='ocrx_word' id='word_1_282' title='bbox 2555 4685 2719 4754; x_wconf 76' lang='grc' dir='ltr'><strong>Βιῐγ,</strong></span> 
     </span>
     <span class='ocr_line' id='line_1_38' title="bbox 313 4768 2717 4843; baseline 0 -16"><span class='ocrx_word' id='word_1_283' title='bbox 313 4774 618 4843; x_wconf 84' lang='lat' dir='ltr'><strong>auctorque</strong></span> <span class='ocrx_word' id='word_1_284' title='bbox 642 4788 748 4842; x_wconf 86' lang='lat' dir='ltr'><strong>ego</strong></span> <span class='ocrx_word' id='word_1_285' title='bbox 765 4789 887 4828; x_wconf 86' lang='lat' dir='ltr'><strong>sum</strong></span> <span class='ocrx_word' id='word_1_286' title='bbox 914 4773 1202 4841; x_wconf 63' lang='lat' dir='ltr'><strong>amyotus:</strong></span> <span class='ocrx_word' id='word_1_287' title='bbox 1239 4774 1394 4829; x_wconf 76' lang='lat' dir='ltr'><strong>unde</strong></span> <span class='ocrx_word' id='word_1_288' title='bbox 1416 4789 1604 4829; x_wconf 73' lang='lat' dir='ltr'><strong>meam</strong></span> <span class='ocrx_word' id='word_1_289' title='bbox 1626 4771 1856 4829; x_wconf 72' lang='lat' dir='ltr'><strong>concoxi</strong></span> <span class='ocrx_word' id='word_1_290' title='bbox 1870 4770 2243 4839; x_wconf 71' lang='lat' dir='ltr'><strong>scripturam.</strong></span> <span class='ocrx_word' id='word_1_291' title='bbox 2364 4774 2430 4825; x_wconf 85' lang='lat' dir='ltr'><strong>tu</strong></span> <span class='ocrx_word' id='word_1_292' title='bbox 2451 4772 2597 4827; x_wconf 68' lang='lat' dir='ltr'><strong>deest</strong></span> <span class='ocrx_word' id='word_1_293' title='bbox 2619 4768 2670 4830; x_wconf 69' lang='lat' dir='ltr'><strong>J</strong></span> <span class='ocrx_word' id='word_1_294' title='bbox 2669 4789 2717 4838; x_wconf 86' lang='grc' dir='ltr'><strong>γ.</strong></span> 
     </span>
    </p>
   </div>
   <div class='ocr_carea' id='block_1_7' title="bbox 3263 0 3264 198">
    <p class='ocr_par' dir='ltr' id='par_1_7' title="bbox 3263 0 3264 198">
     <span class='ocr_line' id='line_1_39' title="bbox 3263 0 3264 198; baseline 0 5134"><span class='ocrx_word' id='word_1_295' title='bbox 3263 0 3264 198; x_wconf 95' lang='lat' dir='ltr'><strong> </strong></span> 
     </span>
    </p>
   </div>
   <div class='ocr_carea' id='block_1_8' title="bbox 3261 474 3262 990">
    <p class='ocr_par' dir='ltr' id='par_1_8' title="bbox 3261 474 3262 990">
     <span class='ocr_line' id='line_1_40' title="bbox 3261 474 3262 990; baseline 0 0"><span class='ocrx_word' id='word_1_296' title='bbox 3261 474 3262 990; x_wconf 95' lang='lat' dir='ltr'><strong> </strong></span> 
     </span>
    </p>
   </div>
  </div>
 </body>
</html>
