3293 5332
518 307 603 356 12
940 295 948 302 ·
1483 290 1970 347 AVLVLARIA.
2418 291 2921 363 [1.1.25—1.2.3.

681 487 860 554 quae
900 465 976 534 in
1015 465 1330 553 occipitio
1372 463 1645 550 quoque
1684 462 1895 532 habet
1933 463 2163 532 oculos
2201 463 2534 551 pessuma.
2859 481 2922 530 aa

551 591 630 672 65
680 610 862 657 nunc
903 588 1018 656 ibo
1051 591 1133 655 ut
1168 586 1404 670 uisam,
1456 588 1636 653 sitne
1674 585 1774 653 ita
1813 606 2056 653 aurum
2092 590 2175 654 ut
2208 584 2521 655 condidi:

682 717 870 804 quod
908 715 1017 784 me
1067 716 1388 786 sollicitat
1426 716 1735 803 plurimis
1767 718 2088 788 miserum
2119 720 2358 789 modis.

1517 835 1915 905 STAPmLA.

679 953 975 1023 noenum
1016 957 1365 1037 mecastor,
1411 953 1578 1039 quid
1620 974 1748 1040 ego
1791 975 1908 1023 ero
1951 954 2176 1023 dicam
2218 977 2371 1024 meo

681 1073 895 1142 malae
938 1073 1038 1141 rei
1080 1070 1388 1141 euenisse
1428 1094 1722 1158 quamue
1763 1074 2115 1159 insaniam,

554 1276 560 1281 ἢ
681 1212 859 1278 queo
900 1189 1333 1260 conminisci:
1391 1189 1490 1258 ita
1530 1212 1641 1259 me
1683 1192 1998 1260 miseram
2038 1192 2129 1259 ad
2171 1192 2354 1260 hunc
2393 1194 2674 1263 modum
2855 1214 2919 1259 ao

555 1326 643 1394 70
683 1308 956 1377 deciens
1002 1308 1116 1376 die
1156 1328 1296 1375 uno
1340 1306 1541 1393 saepe
1582 1309 1892 1377 extrudit
1934 1308 2237 1379 aedibus·

678 1426 904 1496 nescio
946 1427 1063 1513 pol
1104 1448 1280 1512 quae
1321 1426 1530 1495 illunc
1570 1426 1914 1496 hominem
1953 1429 2394 1517 intemperiae
2436 1436 2714 1502 tenent:

678 1545 1043 1633 peruigilat
1083 1544 1299 1613 noctis
1340 1543 1537 1631 totas,
1579 1549 1729 1612 tum
1771 1552 2001 1616 autem
2043 1547 2374 1618 interdius

678 1667 873 1751 quasi
914 1664 1194 1734 claudus
1237 1671 1429 1734 sutor
1469 1665 1654 1733 domi
1695 1667 1888 1735 sedet
1929 1667 2111 1736 totos
2154 1669 2319 1739 dies.

677 1806 900 1871 neque
940 1784 1080 1852 iam
1123 1804 1258 1870 quo
1300 1789 1502 1870 pacto
1546 1784 1760 1853 celem
1802 1786 1985 1855 erilis
2026 1787 2212 1857 filiae
2853 1813 2918 1862 36

554 1917 630 1986 75
679 1903 1019 1991 probrum,
1064 1905 1447 1990 propinqua
1487 1903 1842 1990 partitudo
1883 1906 2046 1991 quoi
2091 1906 2373 1995 adpetit,

678 2042 855 2107 queo
899 2020 1330 2091 conminisci:
1387 2020 1610 2107 neque
1653 2021 2019 2108 quicquam
2061 2024 2334 2094 meliust
2374 2027 2560 2113 mihi,

676 2146 760 2209 ιιι
804 2140 1059 2228 opinor,
1104 2162 1309 2227 quam
1352 2163 1442 2210 ex
1483 2163 1593 2210 me
1634 2147 1716 2211 ιιι
1756 2142 1962 2210 {mam
2004 2144 2248 2213 faciam
2288 2145 2586 2214 litteram

677 2261 970 2347 longam,
1017 2282 1246 2328 meum
1287 2260 1532 2346 laqueo
1575 2259 1823 2328 collum
1867 2262 2139 2347 quando
2182 2263 2630 2332 obstrinxero.

1558 2382 1853 2450 Evcmo.

677 2522 860 2569 nunc
901 2499 1246 2568 defaecato
1289 2499 1561 2567 demum
1603 2500 1829 2569 animo
1871 2500 2182 2587 egredior
2223 2502 2444 2587 domo,
2806 2505 2838 2572 Ι
2881 2525 2913 2572 2

552 2620 640 2685 80
678 2615 1041 2704 postquam
1082 2615 1419 2704 perspexi,
1460 2615 1653 2686 salua
1694 2638 1843 2688 esse
1884 2619 2070 2688 intus
2115 2618 2359 2690 omnia.

676 2739 825 2808 redi
867 2737 1182 2808 nunciam
1223 2736 1402 2805 intro
1444 2741 1652 2823 atque
1694 2737 1877 2805 intus
1921 2758 2142 2808 serua.

504 2997 574 3049 65
607 2993 766 3048 estne
787 2988 957 3060 mv,
985 2990 1131 3048 sitne
1152 2990 1421 3062 Pylades.
1491 2991 1560 3049 de
1591 3007 1769 3050 uersu
1798 2991 1904 3063 qui
1924 3000 2051 3063 poet
2084 2998 2152 3051 66
2186 2993 2347 3064 uotao
2369 3010 2400 3051 ο
2428 2992 2627 3051 Nonio
2647 2993 2897 3051 additur

502 3080 637 3136 dixi
659 3080 794 3135 dice.
815 3095 870 3149 p.
903 3093 982 3134 12.
1119 3081 1188 3138 67
1222 3095 1330 3134 noe
1351 3094 1500 3149 num,
1524 3085 1578 3135 et
1597 3096 1882 3149 super-scr.
1906 3080 2035 3142 uoci
2059 3080 2270 3151 priori
2291 3097 2394 3152 pro
2415 3096 2526 3136 non
2542 3080 2665 3151 B,‘
2671 3097 2910 3137 noenum

502 3181 604 3236 pro
644 3165 773 3220 non’
806 3163 1156 3233 aloem-ium
1195 3164 1556 3221 Plautinum
1599 3182 1675 3222 σω
1709 3167 2051 3238 Aulularia,
2086 3166 2239 3224 unda
2275 3183 2514 3224 noenum
2553 3167 2809 3225 restituit
2847 3168 2905 3225 0.

500 3252 916 3308 lachmamtue
936 3267 1135 3307 comm.
1154 3251 1329 3306 Lucr
1355 3268 1408 3321 p.
1434 3266 1549 3322 150.
1618 3269 1823 3309 uenum
1847 3253 2163 3323 Scioppius.
2233 3253 2355 3310 Nec
2377 3269 2508 3309 num
2532 3256 2751 3310 ecastor
2771 3252 2822 3311 J
2843 3258 2912 3324 et,

499 3338 622 3393 niet
612 3337 836 3406 '‘quod
810 3354 878 3391 m
902 3337 1081 3391 huius
1101 3336 1368 3404 maraine
1385 3337 1642 3393 Noenum
1665 3344 1717 3392 et
1738 3339 1808 3393 ab
1832 3338 1958 3393 alia
1992 3338 2209 3393 iterum
2232 3354 2420 3393 mnu
2447 3338 2670 3395 Numen
2688 3339 2912 3437 ascrip-

500 3430 628 3478 tum
666 3429 762 3492 eet,
798 3438 848 3486 γ.
932 3436 1036 3474 nec
1065 3435 1212 3474 nunc
1250 3436 1342 3473 me
1382 3424 1596 3475 ecastor
1631 3420 1726 3474 uel
1757 3436 1863 3475 nec
1896 3437 2102 3476 numen
2142 3424 2358 3477 ecastor
2392 3421 2553 3478 Pau.
2620 3438 2728 3478 non
2763 3423 2910 3478 enim

498 3505 654 3560 codd.
676 3510 729 3558 ot
749 3501 876 3558 cdd.
900 3517 1017 3554 non
1038 3500 1203 3554 nulli.
1272 3515 1372 3554 ero
1407 3516 1509 3568 ego
1532 3498 1612 3564 Β,
1633 3499 1773 3554 hero
1790 3517 1894 3570 ego
1915 3502 1967 3558 J
1965 3520 2015 3572 γ,
2037 3503 2343 3571 transponi
2365 3503 2660 3562 iusserunt
2679 3507 2912 3562 Hariuc

497 3594 550 3643 ct
572 3585 834 3640 Bothius.
971 3588 1041 3639 68
1074 3582 1217 3638 male
1246 3583 1309 3642 J.
1449 3590 1517 3640 69
1552 3583 1810 3640 miseram
1833 3602 1925 3643 me
1949 3587 2088 3658 13(0
2122 3588 2427 3646 Comma-t
2452 3592 2698 3650 Grutori
2717 3593 2912 3649 Parci

497 3670 761 3740 cilentio),
782 3684 875 3725 me
895 3667 1152 3726 miseram
1172 3669 1223 3728 J
1244 3677 1297 3727 et
1314 3668 1571 3725 Bothiue.
1641 3668 1863 3727 adhunc
1884 3672 1948 3731 J.
2089 3675 2156 3734 70
2180 3689 2312 3745 sepe
2329 3674 2491 3743 13³7.
2630 3679 2698 3738 72
2721 3681 2911 3734 noctes

499 3755 550 3815 J
550 3772 598 3822 γ.
642 3804 649 3810 .
740 3757 808 3814 74
840 3753 1029 3810 herilis
1050 3753 1101 3812 3
1100 3771 1148 3820 γ.
1305 3757 1372 3816 75
1396 3754 1713 3823 partitudo
1736 3762 1816 3811 ost
1829 3757 2032 3827 partio
2053 3758 2368 3825 feminino.
2439 3760 2701 3817 Plautus
2720 3761 2910 3818 Aulu-

498 3842 690 3899 laria.-
723 3840 1005 3912 probrum,
1032 3840 1338 3913 propinqua
1366 3841 1658 3913 partitudo
1694 3841 1783 3898 cui
1814 3842 2047 3915 adpetit.
2118 3842 2351 3901 Nonius
2374 3858 2492 3915 217,
2519 3859 2603 3913 27.
2689 3846 2780 3903 cui
2813 3863 2910 3918 ap-

498 3925 645 3999 petit
664 3924 715 3984 J
715 3944 763 3994 γ.
930 3929 996 3986 76
1018 3925 1214 3981 melius
1237 3929 1324 3982 est
1345 3925 1511 3982 michi
1532 3925 1583 3985 J
1604 3932 1672 3996 et,
1695 3927 1817 3982 nisi
1836 3929 1989 3997 quod
2010 3927 2145 3983 mihi
2166 3936 2499 4000 constanter,
2523 3948 2574 3998 γ.
2712 3933 2780 3991 77
2815 3946 2910 3985 ex-

498 4030 590 4070 me
618 4018 686 4070 ιιι
715 4013 926 4070 utinam
963 4011 1161 4068 faciam
1198 4013 1444 4069 litteram
1465 4012 1530 4071 J.
1597 4015 1664 4067 ut
1703 4028 1870 4069 uuam
1905 4013 2104 4070 faciam
2144 4017 2243 4070 aut
2279 4014 2524 4071 litteram
2562 4014 2909 4071 Palmariue

495 4100 637 4155 cord.
659 4099 838 4153 Poen.
863 4111 904 4151 1.
931 4112 981 4165 2,
1010 4112 1121 4167 109.
1276 4100 1344 4157 78
1378 4098 1600 4168 longum
1624 4095 1787 4167 Β3γ,
1811 4097 2030 4168 longam
2044 4098 2204 4153 codd.
2223 4114 2330 4154 rec.
2348 4116 2466 4155 non
2483 4099 2652 4155 nulli.
2723 4114 2908 4156 meum

498 4184 648 4237 deest
673 4182 737 4235 iu
762 4180 859 4247 3γ.
1001 4182 1069 4239 79
1092 4183 1303 4237 Evomo
1328 4182 1619 4238 Suram
1640 4182 1692 4241 J
1692 4200 1744 4253 γ,
1770 4200 1988 4239 nouam
2007 4200 2278 4240 scaenam
2305 4185 2402 4241 hic
2424 4186 2564 4241 item
2587 4182 2802 4254 incipit
2825 4184 2904 4242 Β.

501 4266 569 4323 79
592 4264 847 4331 defecata
883 4264 1081 4319 omnia
1107 4282 1277 4334 pura
1311 4273 1366 4322 et
1402 4267 1705 4322 inturbata
1740 4274 1793 4323 ot
1832 4268 1956 4323 cine
1986 4268 2252 4324 cordvlme
2281 4285 2594 4338 pontumue
2615 4270 2818 4339 dicero,
2840 4277 2907 4325 ut

499 4348 714 4403 uinum
748 4347 874 4403 sine
893 4347 1134 4414 secvhue.
1205 4351 1466 4407 Plautus
1502 4351 1569 4407 iu
1606 4353 1968 4410 Aulularia:
2006 4371 2152 4411 nunc
2189 4354 2444 4412 defecato
2467 4355 2693 4412 demum
2720 4355 2906 4412 animo

497 4433 755 4503 egredior
791 4435 969 4491 domo.
1038 4435 1270 4493 Nonius
1304 4450 1426 4508 454,
1470 4453 1500 4492 2
1506 4452 1555 4508 5.
1642 4438 1896 4495 defecato
1934 4437 2096 4518 Β3γ.
2191 4445 2257 4497 81
2296 4445 2555 4496 nunciam
2590 4441 2908 4509 separatim

497 4518 756 4576 adhibere
791 4521 969 4578 colent
1013 4519 1176 4588 st.
1258 4523 1521 4595 quippeni
1543 4525 1793 4595 Parem,
1819 4524 2067 4597 quippini
2092 4523 2474 4583 Omnerariuc
2494 4532 2545 4583 et
2579 4525 2904 4583 aruum.-
