3293 5332
594 292 755 371 lxxii
1501 304 2102 363 mmonno'non.

600 500 680 560 20
708 501 934 562 factum
962 509 1054 563 est
1172 503 1331 563 diem
1363 501 1411 562 δ.
1604 498 1685 561 22
1712 520 1993 579 anusque.
2203 499 2280 558 23
2307 498 2527 558 cotidie
2730 483 2807 557 28'
2845 505 2898 556 et
2931 481 3001 556 29'

599 615 942 676 adulescens
969 616 1045 692 B,
1076 618 1412 677 adolescens
1441 615 1489 676 δ.
1736 616 1809 676 31
1841 616 2119 694 proximo
2321 616 2397 675 35
2426 615 2821 675 adulescentis
2846 615 3006 673 illius

602 743 695 797 est
719 739 1058 798 auunculus
1302 738 1377 800 37
1408 715 1519 798 hec
1765 740 1842 799 38
1869 739 2008 797 uult
2168 740 2532 816 subreptum.

725 899 961 961 Evcmo
1001 901 1221 962 Smx.
1269 901 1583 960 STAPHILA
1622 899 1806 959 Anvs
2053 899 2131 958 42
2173 898 2707 959 Scbwwrzmannus
2747 897 2905 957 nibil
2943 897 3009 956 de

604 1023 934 1073 correctura
960 1014 1029 1072 in
1045 1014 1109 1077 B
1127 1016 1303 1093 refert
1484 1014 1563 1074 44
1585 1015 1749 1074 Nam
1776 1035 1872 1073 me
1892 1034 2012 1092 qua
2037 1034 2261 1087 caussa,
2285 1035 2466 1090 quam
2492 1023 2686 1074 tamen
2701 1014 3011 1072 uerborum

605 1124 1052 1187 conlocationem
1077 1149 1200 1188 non
1217 1129 1606 1206 praetulerim
1838 1128 1914 1186 46
1957 1128 2202 1204 regrede
2229 1128 2304 1186 ab
2326 1129 2478 1186 ostio
2701 1127 2780 1185 48
2817 1125 3010 1183 hercle

604 1256 650 1303 ,a
676 1257 865 1297 manu
890 1241 1149 1299 secunda
1171 1250 1306 1317 post
1342 1241 1533 1299 hodie.
1779 1241 1858 1299 49
1902 1239 2042 1298 Tibi
2070 1259 2177 1317 ego
2424 1239 2499 1296 55
2531 1239 2802 1297 Abscede
2832 1239 3009 1296 etiam

605 1367 767 1408 nunc
808 1354 1137 1412 etiamnum
1186 1356 1312 1416 ohe.
1415 1354 1745 1412 coniunctis
1785 1353 1896 1424 Β]
1944 1355 2287 1412 testimoniis
2332 1354 2443 1413 uix
2484 1356 2802 1431 quiequam
2840 1351 3013 1411 Rothi

604 1463 903 1540 scriptwra
918 1468 1290 1542 probabilius
1316 1467 1461 1545 effici
1499 1467 1726 1544 poterit.
1793 1441 1802 1451 ο
1977 1467 2054 1526 56
2098 1466 2333 1526 adstato
2370 1465 2698 1544 Scioppius,
2731 1467 3013 1525 Gruterus

614 1574 691 1636 57
733 1583 1148 1639 transuorsum
1414 1581 1493 1639 58
1535 1580 1869 1659 respexeris
1912 1578 1959 1639 δ.
2230 1580 2306 1640 60
2332 1555 2466 1639 ’hoe
2509 1601 2705 1640 secum
2749 1581 3014 1657 loquitur

606 1709 823 1767 marqo.
1033 1695 1108 1752 62
1135 1692 1484 1771 inprudenbi
1677 1692 1753 1753 64
1782 1693 2035 1771 pessima
2280 1693 2354 1752 67
2386 1712 2495 1771 ego
2532 1693 2676 1751 hero
2718 1690 2782 1753 B
2808 1714 2821 1751 ε
2864 1710 3012 1766 quae

605 1805 919 1867 uerborwm
957 1807 1273 1868 conlocatio
1312 1811 1490 1868 etiam
1531 1809 1704 1886 apud,
1741 1807 2034 1884 Guyetum
2063 1816 2232 1867 extat.
2483 1808 2556 1866 69
2599 1827 2696 1866 me
2735 1808 3011 1864 miseram

607 1908 725 1980 lufo
971 1924 1050 1984 70
1079 1925 1270 1983 decies
1296 1944 1491 1984 omnes
1516 1923 1659 1983 libri
1904 1922 1976 1986 71
2009 1924 2209 1982 istunc
2231 1923 2313 1982 ed.
2336 1919 2543 1995 Amet„
2574 1923 2658 1980 ad
2681 1921 2839 1997 quod
2861 1919 3016 1979 nibil

606 2032 924 2093 aolnotauit
950 2033 1492 2095 Schwasrzmcmnus.
1576 2035 1765 2094 illunc
1795 2034 2171 2096 Camerarius
2196 2035 2423 2093 Pareus
2447 2034 2729 2094 Gruterus
2756 2034 3015 2110 idemque

608 2145 680 2203 in
719 2149 905 2208 codice
944 2168 1057 2207 esse
1097 2150 1368 2210 arbitror.
1454 2159 1597 2209 certe
1633 2150 1719 2209 sic
1754 2150 1963 2209 babent
1990 2149 2042 2220 J
2042 2174 2080 2230 γ
2107 2171 2240 2208 cum
2276 2170 2383 2210 rec.
2628 2148 2662 2210 7
2669 2150 2705 2207 2
2746 2155 2949 2207 noctes
2987 2168 3015 2208 e

609 2260 1092 2323 Scbwoermncmni
1131 2267 1362 2325 silentio
1512 2274 1519 2281 '
1616 2265 1695 2327 74
1737 2266 1946 2326 herilis
1988 2285 2016 2324 e
2055 2265 2288 2324 silentio
2532 2264 2566 2326 7
2573 2265 2607 2322 5
2653 2265 2751 2323 cui
2788 2266 3015 2342 appetit

610 2395 639 2435 e
665 2376 911 2437 silentio.
1162 2376 1197 2438 7
1204 2380 1238 2438 6
1281 2379 1495 2436 melius
1534 2384 1641 2438 est.
1893 2377 1926 2441 7
1935 2379 1971 2438 8
2013 2398 2213 2437 meum
2253 2378 2403 2437 deest
2435 2376 2933 2437 Scbwmmanno
2966 2383 3016 2436 et

613 2486 858 2550 Gratero
887 2489 1121 2550 testibus
1308 2479 1657 2549 obstriiero.

733 2654 967 2715 Evcmo
1000 2653 1230 2738 Smin.
1277 2654 1608 2714 STAPHYLA
1635 2652 1831 2713 Axvs.
2026 2654 2099 2714 81
2148 2654 2424 2733 quippini
2451 2675 2479 2715 e
2505 2653 2734 2715 silentio
2939 2653 3013 2714 82

609 2770 783 2831 aedes
814 2789 842 2829 e
872 2769 1117 2829 εειοηιῑο.
1365 2770 1440 2829 85
1485 2789 1663 2828 causa
1907 2769 1984 2827 ss
2023 2767 2213 2827 fateor
2251 2777 2332 2827 εει
2370 2768 2440 2826 in
2475 2767 2537 2830 Β
2784 2770 2861 2828 89
2906 2749 3017 2831 hbe

613 2885 689 2944 92
713 2904 922 2944 causae
1081 2884 1395 2962 quisquam
1418 2883 1574 2942 etsie
1593 2880 1961 2942 scribendum
1980 2889 2106 2942 erat
2329 2881 2406 2939 98
2435 2878 2632 2955 aedfis,
2654 2880 2709 2940 si
2724 2880 3019 2944 Schwarz-

610 2997 823 3057 mamni
848 3017 1094 3057 manum
1118 3007 1264 3059 recte
1291 2999 1433 3075 leyo.
1513 3005 1658 3056 certe
1683 3014 1804 3055 non
1830 3004 1910 3054 est
1935 2996 2099 3054 aedis
2342 2996 2418 3055 99
2455 2996 2616 3054 intro
2644 2998 2811 3055 mitti
2838 2999 3019 3058 alias-

608 3134 718 3191 que
744 3112 999 3174 eiusdem
1023 3114 1190 3175 uerbi
1196 3113 1436 3191 formas
1460 3112 1779 3192 separatim
1805 3111 2057 3172 exhibere
2079 3111 2219 3172 solet
2243 3110 2310 3184 J,
2330 3110 2581 3170 iunctim
2606 3112 2686 3175 B.
2904 3115 3016 3174 104

609 3229 765 3288 fores
820 3249 847 3287 e
900 3228 1131 3290 silentio
1389 3230 1503 3289 105
1555 3229 1701 3307 quia
1748 3229 1825 3288 ab
1877 3248 2114 3288 seo-uafre
2168 3226 2444 3287 debebam.
2505 3227 2576 3287 cle
2629 3227 2705 3285 ab
2760 3240 3019 3306 com-epto

607 3344 749 3403 uide
772 3364 830 3419 p.
861 3360 1032 3402 xxxv
1122 3345 1464 3402 abeundum
1492 3349 1584 3402 est
1835 3343 1945 3400 111
1980 3344 2048 3400 de
2073 3342 2245 3399 biatu
2270 3343 2409 3401 uide
2428 3364 2490 3420 p.
2522 3360 2653 3401 LXII
2905 3348 3017 3405 112

611 3456 733 3528 qui,
763 3472 885 3510 non
904 3454 1054 3524 quin
1301 3452 1416 3508 113
1441 3469 1578 3505 cum
1740 3470 1943 3509 omnes
2064 3455 2334 3510 nesciant
2580 3456 2694 3515 118
2721 3460 3020 3533 postidem

731 3708 1025 3833 Evffiom
1051 3710 1320 3770 Mvmssn.
1354 3709 1742 3771 Mnemonvs
1771 3711 1992 3774 Smmx,
2246 3712 2356 3771 121
2390 3714 2567 3774 Meae
2593 3719 2734 3778 fidei
2760 3728 3021 3803 tuaeque

605 3840 695 3900 rei
748 3804 892 3900 1ιὲθο
928 3837 936 3922 Ι
976 3841 1168 3903 Causa
1203 3842 1394 3902 facere
1441 3848 1513 3901 ut
1566 3863 1825 3923 aequum
1880 3850 1970 3904 est
2216 3845 2332 3903 123
2387 3817 2509 3905 fal·
2519 3867 2650 3905 sum
2906 3855 3015 3912 126

602 3957 795 4019 inscto
838 3958 965 4029 BJ.
1216 3959 1331 4020 129
1378 3960 1473 4020 Ut
1509 3981 1767 4039 aequum
1816 3967 1908 4020 est
1953 3981 1981 4021 e
2023 3961 2256 4021 silentio
2504 3963 2619 4022 134
2660 3964 3019 4041 scripturam

603 4094 791 4134 meam
831 4094 996 4134 nune
1029 4095 1275 4153 prorsus
1314 4076 1572 4152 inprobo.
1661 4076 1982 4134 certissima
2023 4075 2418 4134 emendatione
2445 4077 2867 4138 restituendum
2904 4100 3018 4138 esse

602 4187 775 4244 uideo
815 4189 913 4244 uti
957 4192 1126 4245 tuam
1174 4207 1301 4246 rem
1346 4208 1456 4267 ego
1499 4191 1701 4247 tecum
1746 4188 1845 4247 hio
1886 4188 2159 4266 loquerer
2206 4188 2574 4247 familiarem.
2740 4195 2813 4248 ut
2852 4190 3011 4249 libri.

610 4295 724 4357 135
755 4317 798 4357 ε.
881 4297 967 4357 sic
993 4298 1396 4360 discribuntur
1419 4301 1491 4360 in
1515 4300 1616 4369 B:

735 4441 809 4494 Μ.
874 4442 956 4494 Da
986 4443 1123 4494 mihi
1153 4449 1367 4509 optuma
1398 4447 1594 4499 femina
1626 4462 1863 4498 manum.

736 4523 802 4575 E.
836 4523 940 4576 Ubi
963 4539 1025 4576 ea
1057 4529 1168 4578 est?
1201 4529 1318 4592 quis
1341 4544 1402 4581 ea
1424 4531 1627 4581 estnam
1650 4533 1895 4594 optuma?
1930 4530 2002 4580 Μ.
2026 4533 2102 4581 tu.
2135 4531 2200 4582 E.
2222 4533 2351 4582 tune
2374 4531 2489 4583 ais?
2522 4532 2593 4582 Μ.
2619 4532 2666 4583 si
2686 4544 2842 4594 negas
2864 4545 3015 4594 nego.

3216 280 3221 473 1
