3293 5332
1246 443 1846 528 mrnonncrlon.
2597 425 2759 507 lxxi

902 629 1002 685 496
1065 631 1227 683 Enim
1258 632 1395 683 mihi
1427 632 1637 697 quidem
1671 646 1898 695 aequum
1929 632 2011 683 est

1065 714 1358 777 Pur-puram
1389 717 1546 792 atqne
1579 729 1767 765 aurum
1799 714 1913 765 dari

350 847 469 907 504
499 847 569 907 de
593 847 850 926 phyrgio
878 847 1006 908 dixi
1027 870 1091 926 p.
1121 866 1256 907 an
1500 849 1618 909 506
1646 850 1783 909 Aut
1808 848 2163 952 manulearii
2189 855 2295 909 aut
2322 850 2756 910 murobatharii

351 962 470 1021 508
512 963 870 1022 diobatharii
1113 963 1230 1023 509
1275 962 1517 1023 Soliarii
1762 963 1881 1022 513
1924 962 2173 1021 Treceni
2200 983 2338 1022 eum
2364 970 2529 1023 stant
2555 964 2757 1042 phyla-

349 1077 530 1135 cistae
559 1077 663 1155 (sic
691 1077 867 1136 etiam
891 1076 964 1155 J)
1212 1077 1327 1135 515
1345 1078 1500 1135 ‚mala
1743 1078 1862 1136 518
1905 1076 2099 1135 soluta
2140 1083 2231 1137 est
2491 1080 2611 1137 522
2640 1081 2759 1138 dis-

348 1198 560 1269 putata
588 1199 678 1252 est
921 1192 1038 1249 526
1080 1191 1352 1250 indotata
1379 1196 1471 1249 est
1715 1190 1833 1249 528
1863 1210 2062 1254 eccum
2090 1191 2348 1250 adfinem
2375 1198 2515 1251 ante
2542 1193 2716 1252 aedes

472 1306 705 1364 Evemo
753 1304 1143 1362 MneAnonvs
1199 1302 1392 1361 Smms
1433 1301 1576 1361 Dvo
1849 1302 1965 1361 529
2025 1302 2300 1361 Nimium
2350 1303 2604 1361 libenter
2658 1304 2756 1363 edi

349 1396 557 1476 {tudini
800 1418 916 1475 532
961 1418 1039 1476 sis
1079 1417 1237 1474 filiae
1279 1417 1508 1494 nuptiis
1542 1415 1624 1477 ed.
1676 1416 1883 1489 Amet„
1936 1417 2022 1475 aaz
2061 1419 2220 1493 quod
2253 1417 2410 1477 nihil
2446 1419 2756 1478 aemma

348 1528 886 1595 Schwarzmannus.
1123 1529 1241 1587 535
1297 1529 1617 1607 quiequam
1849 1530 1965 1588 536
2010 1513 2241 1609 Opigne
2516 1532 2632 1593 537
2684 1539 2756 1592 ut

351 1644 464 1701 siet
709 1644 828 1702 540
855 1644 954 1701 hie
982 1662 1010 1701 e
1037 1642 1287 1713 silentia
1312 1642 1423 1702 hoc
1449 1643 1514 1717 J,
1547 1652 1614 1701 ut
1641 1662 1896 1719 eoepresse
1921 1645 2174 1704 relatum
2388 1647 2585 1724 palam
2614 1648 2756 1707 feeit

354 1760 465 1817 541
501 1761 637 1818 dese
663 1766 842 1818 natus
865 1779 1072 1818 euocas
1296 1758 1413 1816 543
1443 1759 1524 1836 sit
1744 1758 1862 1817 544
1891 1760 2201 1837 inpleuisti
2225 1760 2756 1822 Schwarzmannus

351 1892 602 1948 apo-esse
631 1880 874 1930 testatur
1093 1870 1209 1928 545
1240 1889 1409 1929 cocos
1629 1870 1745 1930 549
1791 1872 2104 1931 tibicinam
2131 1894 2159 1931 e
2186 1874 2414 1933 silentio
2634 1878 2753 1935 552

351 1976 728 2047 uelle⁶0nisat
998 1985 1117 2043 554
1162 1984 1468 2043 curionem
1518 1984 1731 2043 Douza
1988 1987 2105 2044 555
2156 1980 2374 2046 eurio²¹²'
2634 1992 2753 2051 556

355 2104 510 2174 Quia
545 2124 676 2162 ossa
702 2110 882 2180 atque
907 2102 1082 2179 pellis
1106 2107 1276 2159 totus
1305 2107 1395 2159 est
1422 2100 1550 2171 BJ.
1800 2100 1915 2162 557
1952 2102 2136 2178 probo
2168 2124 2330 2162 nune
2360 2103 2597 2164 Gruteri
2624 2126 2755 2166 con·

350 2217 636 2275 iectus-am
662 2217 716 2275 ei
744 2216 888 2288 uiue
917 2235 1064 2290 qnae
1099 2234 1170 2272 ex
1193 2213 1245 2284 J
1254 2213 1447 2289 facile
1472 2213 1720 2290 efficitur
1747 2213 1832 2294 (et
1852 2236 1966 2291 pro
1994 2214 2073 2293 ei)
2314 2218 2433 2275 559
2478 2224 2756 2296 optumus

353 2335 444 2388 est
480 2330 659 2387 etiam
685 2330 749 2393 B
995 2329 1113 2386 563
1158 2347 1195 2385 a
1237 2346 1333 2385 me
1377 2327 1667 2385 adferrier
1910 2328 2028 2387 564
2058 2329 2363 2389 decretum
2406 2344 2497 2392 est
2537 2354 2755 2412 aquam

352 2446 469 2509 567
499 2447 758 2505 adfectat
996 2443 1115 2503 573
1145 2443 1556 2520 congreditum
1585 2448 1676 2501 est
1921 2442 2040 2506 574
2078 2447 2371 2524 optimum
2564 2452 2757 2526 possis

351 2579 511 2619 nune
537 2560 647 2618 h6e
668 2558 818 2616 mihi
843 2558 1005 2616 factu
1034 2557 1419 2633 6ptumumst‚
1449 2560 1521 2614 ut
1547 2560 1611 2615 te
1638 2556 1900 2614 afiferam

473 2838 806 2896 Smomnvs
847 2837 1186 2896 LYcomms
1228 2836 1461 2895 SERVVS
1489 2854 1505 2895 ε
1547 2855 1616 2894 ex
1642 2855 1761 2912 qua
1786 2832 2167 2911 inscriptione
2193 2833 2320 2895 iam
2342 2839 2755 2913 yrammaticos

349 2953 497 3010 duos
521 2950 793 3011 Strobilos
820 2914 1250 3010 discriminas&
1275 2952 1555 3027 adparet:
1594 2950 1664 3009 de
1692 2971 1812 3027 qua
1837 2970 1900 3009 re
1927 2951 2056 3009 dixi
2082 2952 2215 3011 diss.
2237 2974 2301 3029 p.
2336 2956 2430 3014 25.
2633 2956 2751 3016 580

350 3066 536 3126 herile
583 3086 611 3125 e
652 3066 883 3125 silent-io
1167 3066 1279 3124 581
1335 3085 1435 3124 ero
1483 3086 1560 3124 ex
1604 3065 2008 3124 sentententia
2052 3085 2306 3140 eapresse
2546 3082 2754 3130 seruus

347 3199 378 3238 e
403 3179 629 3239 silencio
875 3180 995 3238 583
1028 3197 1270 3237 seruum
1513 3178 1630 3236 585
1675 3178 1932 3236 officium
1972 3196 2001 3234 e
2040 3176 2270 3235 silentio
2515 3182 2633 3239 586
2676 3183 2753 3241 ad

348 3295 432 3355 ed.
464 3294 670 3368 Amst„
701 3296 785 3354 ad
810 3295 979 3370 quod
1015 3294 1171 3353 nihil
1195 3293 1507 3352 adnotauit
1544 3292 2076 3352 Schwarzmannus
2253 3311 2513 3352 noenum
2540 3297 2753 3356 conieci

353 3412 436 3469 ad
458 3433 514 3470 u.
550 3412 623 3474 67
791 3410 1075 3488 inpellere
1101 3428 1356 3485 expresse
1598 3407 1713 3465 531
1760 3426 1999 3464 seruum
2036 3413 2086 3464 et
2129 3425 2386 3484 aequum
2629 3411 2752 3471 590

350 3523 563 3583 habeat
785 3523 901 3581 592
931 3522 1111 3581 cicius
1332 3520 1450 3579 598
1472 3518 1739 3577 adsidam
1957 3517 2075 3576 601
2107 3517 2290 3575 situm
2318 3524 2406 3577 est
2631 3522 2751 3582 603

353 3638 657 3713 pulchram
699 3636 810 3706 BJ
1053 3633 1171 3694 604
1220 3634 1454 3691 affinem
1499 3652 1528 3691 e
1569 3631 1800 3691 silentio
2088 3632 2201 3690 609
2245 3630 2398 3690 fane.
2444 3630 2620 3692 Fides
2662 3636 2746 3696 ed.

347 3751 550 3823 Amst„
582 3751 665 3809 ad
689 3751 841 3826 quod
876 3750 1034 3809 nihil
1059 3749 1370 3836 adnotauit
1400 3747 1941 3808 Schwarzmannus.
2026 3745 2292 3806 debebam
2327 3745 2563 3806 Charisi
2603 3746 2754 3810 testi-

350 3865 621 3922 monium
668 3866 751 3923 ad
792 3885 850 3925 u.
895 3865 1009 3924 659
1054 3862 1283 3940 referre,
1323 3882 1458 3921 own
1505 3862 1793 3936 adpareat
1841 3880 1975 3919 eum
2020 3858 2103 3917 ibi
2146 3859 2295 3917 Fide
2330 3879 2445 3933 pro
2485 3863 2752 3934 qenetiuo

350 3986 574 4062 cepisse.
662 3988 730 4045 de
768 3986 820 4057 J
819 4012 859 4067 γ
897 3987 1038 4046 fidei
1077 4007 1328 4064 expresse
1362 3984 1585 4044 notaui.
1835 3982 1948 4041 611
1983 4001 2089 4058 ego
2335 3980 2451 4039 613
2479 4003 2751 4060 reperero

356 4100 427 4158 61
440 4099 473 4156 6
515 4119 673 4158 nunc
713 4110 792 4159 est
838 4101 909 4160 in
953 4102 1070 4161 cod.
1339 4099 1457 4160 617
1499 4096 1842 4176 groechibat
1884 4116 2136 4172 expresse
2179 4103 2421 4153 testatur
2458 4094 2753 4160 Schwarz-

347 4231 605 4270 mannus
788 4189 903 4270 621
942 4213 1321 4290 comparabas
1510 4229 1646 4268 cum
1675 4226 1975 4285 compares
2160 4205 2277 4264 622
2304 4206 2752 4283 praestrigiator

352 4324 468 4381 623
496 4343 726 4383 mecum
754 4331 845 4383 est
870 4323 981 4394 BJ
983 4350 1035 4405 γ.
1284 4324 1400 4382 624
1444 4324 1712 4382 adflictas
1893 4338 2067 4377 eausa
2314 4317 2428 4376 625
2459 4317 2754 4381 Verbera-

346 4438 627 4498 bilissime
647 4441 731 4499 ed.
763 4441 972 4515 Amst„
1002 4441 1087 4500 ad
1125 4441 1283 4517 quod
1320 4438 1478 4498 nihil
1510 4434 1822 4498 adnotauit
1860 4436 2388 4497 Schwarzmannus
2632 4438 2749 4498 626

345 4553 625 4630 surrupui
651 4573 908 4629 expresse
1155 4553 1266 4612 621
1299 4552 1433 4610 Ηθθ
1453 4551 1599 4629 quid
1618 4551 1745 4629 agis
1988 4548 2101 4606 629
2132 4548 2274 4605 data
2300 4566 2379 4606 re.
2633 4548 2744 4607 631

341 4662 635 4740 quidquid
885 4666 1002 4725 633
1030 4684 1154 4724 non
1179 4664 1353 4724 aliter
1380 4683 1667 4740 personas
1709 4660 2051 4723 diambutas
2090 4678 2203 4720 esse
2227 4657 2756 4719 Schwarzmannus
