3293 5332
590 299 633 369 8
1541 307 2034 375 AVLVLARIA„
2547 307 2745 381 [Pnon.
2773 314 2990 366 10-25.

637 498 716 546 10
755 499 1124 566 numquam
1161 478 1475 548 indicare·
1502 478 1577 546 id
1617 478 1763 547 fflio
1804 478 2027 547 uoluit
2068 499 2213 564 suo,

754 598 1159 686 inopemque
1201 598 1469 685 optauit
1508 597 1737 683 potius
1780 618 1938 665 eum
1979 596 2363 683 relinquere

755 737 962 803 quam
1008 716 1164 786 eum
1208 717 1652 786 thensaurum
1695 716 2245 784 conmonstraret.
2300 715 2448 785 fflio

755 838 900 923 agri
942 837 1217 923 reliquit
1258 835 1323 904 ei
1364 857 1503 904 non
1545 834 1865 922 magnum
1906 835 2203 920 modum,

757 976 895 1041 quo
938 955 1092 1023 cum
1133 955 1366 1023 labore
1407 954 1657 1040 maigno
1699 958 1771 1022 et
1810 953 2054 1021 misere
2094 951 2378 1022 uiueret.

641 1089 709 1156 15
760 1074 879 1142 ubi
921 1074 982 1141 is
1025 1072 1193 1142 dbiit
1233 1077 1522 1141 mortem
1563 1071 1684 1158 qui
1729 1072 1899 1139 mihi
1939 1071 2013 1139 id
2054 1093 2297 1139 aurum
2339 1070 2643 1155 credidit,

760 1192 953 1278 coepi
1000 1192 1379 1276 obseruare,
1420 1190 1617 1277 ecqui
1659 1190 1982 1258 maiorem
2024 1189 2209 1258 filius

756 1310 926 1379 mihi
967 1309 1292 1379 honorem
1333 1309 1613 1379 haberet
1657 1332 1863 1396 quam
1906 1309 2049 1379 eius
2091 1308 2439 1379 habuisset
2479 1314 2693 1397 pater.

758 1433 966 1514 atque
1007 1428 1122 1497 ssle
1162 1450 1328 1497 uero
1369 1429 1592 1497 minus
1638 1430 1998 1516 minusque
2040 1428 2363 1516 inpendio

759 1548 997 1616 curere
1040 1549 1399 1636 minusque
1437 1571 1550 1617 me
1590 1549 1916 1638 inpertire
1956 1551 2346 1619 honoribus.

633 1681 720 1731 20
759 1666 924 1735 item
963 1666 1004 1734 ά
1043 1688 1152 1736 me
1195 1673 1432 1736 contra
1472 1667 1834 1736 factumst:
1893 1689 2054 1735 nam
2096 1667 2263 1737 item
2307 1666 2479 1735 obiit
2520 1665 2719 1734 diem.

759 1783 821 1852 is
861 1783 1041 1852 hunc
1082 1785 1357 1871 reliquit
1400 1784 1522 1871 qui
1564 1784 1676 1853 hic
1718 1807 1899 1855 nunc
1940 1786 2209 1855 habitat
2250 1785 2473 1854 fllium

762 1905 1016 1991 pariter
1056 1912 1411 1992 moratum,
1449 1912 1532 1975 ut
1572 1906 1773 1993 peter
1812 1928 2114 1992 auosque
2155 1905 2301 1975 eius
2341 1906 2491 1976 fuit.

763 2025 924 2093 huic
965 2026 1110 2093 fllia
1150 2032 1393 2097 unast:
1453 2026 1534 2095 ea
1575 2027 1744 2094 mihi
1787 2026 2034 2095 cotidie

766 2148 888 2212 aut
928 2143 1082 2213 ture
1123 2151 1245 2214 aut
1287 2147 1451 2214 uino
1493 2151 1615 2215 aut
1658 2145 1869 2232 &liqui
1912 2167 2177 2234 semper
2219 2146 2569 2235 supplicat,

641 2277 716 2344 25
767 2263 888 2330 dat
923 2262 1090 2329 mihi
1131 2283 1426 2332 coronas.
1484 2262 1627 2331 eius
1674 2263 1949 2332 honoris
1993 2263 2215 2350 gratia

596 2490 758 2547 Pall.
780 2489 1048 2562 quinque,
1068 2497 1122 2548 et
1142 2491 1253 2549 alii
1273 2493 1625 2550 recentiores.
1731 2511 1898 2567 quom
1919 2495 2034 2553 iam
2061 2497 2351 2555 Gruterus
2372 2503 2425 2554 et
2450 2497 2717 2566 amyotus.
2836 2503 2902 2553 10
2925 2497 3013 2553 iu-

598 2578 785 2633 dicare
805 2576 869 2636 3.
1008 2578 1183 2634 idfilio
1216 2579 1280 2639 3.
1421 2586 1488 2659 102
1524 2581 1848 2637 thesaurum
1883 2581 1934 2641 3
1934 2600 1982 2650 γ.
2044 2589 2176 2654 post
2209 2587 2650 2640 conmonstraret
2688 2581 2850 2652 uolao
2888 2599 3013 2638 non

599 2664 1056 2736 interpunaitur,
1078 2664 1215 2723 uide
1238 2666 1369 2724 dice.
1394 2686 1450 2740 p.
1475 2684 1558 2738 31.
1628 2668 1782 2724 locus
1803 2670 2064 2726 nondum
2095 2670 2447 2727 emendatus,
2518 2671 2937 2725 commonstraret
2961 2686 3016 2739 γ,

597 2754 1026 2808 commonstrare
1049 2751 1366 2809 Lambinus
1387 2771 1458 2810 ex
1479 2755 1650 2810 libris
1672 2771 1789 2810 non
1811 2755 2007 2812 nullis.
2139 2762 2207 2811 14
2229 2755 2325 2825 qui
2348 2772 2379 2811 o
2399 2753 2726 2823 Lanqiauis
2749 2752 3014 2821 Bolhiuc,

598 2838 668 2892 in
688 2835 739 2895 3
760 2835 922 2891 nihil
930 2843 1170 2905 praetor
1191 2837 1243 2894 ἅ
1279 2838 1479 2895 misere
1512 2839 1735 2895 uiueret
1767 2840 2062 2909 adparuit.
2220 2846 2285 2896 15
2311 2847 2550 2910 praeter
2583 2837 2822 2895 credidit
2854 2837 3017 2892 nihil

597 2920 882 2991 adparuit
916 2920 984 2977 in
1018 2919 1081 2979 3.
1156 2921 1400 2980 Credere
1435 2931 1516 2981 cst
1547 2924 1907 2980 seruandum
1941 2925 2348 2981 emmendare.
2420 2924 2675 2979 Plautus
2714 2923 2784 2977 in
2823 2923 3016 2978 Aulu-

600 3007 796 3063 laria.-
845 3005 944 3062 ubi
977 3006 1026 3063 is
1062 3007 1181 3064 obit
1215 3012 1469 3081 mortem,
1507 3009 1642 3080 quid
1678 3009 1815 3066 mihi
1850 3009 1910 3065 in
1947 3027 2139 3067 aurem
2176 3010 2428 3067 credidit.
2498 3008 2734 3064 Nonius
2770 3020 2836 3075 27
2843 3020 2888 3076 5,
2933 3023 3018 3063 10.

604 3098 670 3150 16
696 3093 1025 3162 obseruare,
1049 3093 1235 3150 colare
1252 3101 1306 3151 et
1329 3093 1489 3151 intus
1519 3102 1775 3165 relevere.
1849 3095 2106 3151 Plautue
2126 3093 2491 3150 Aulularia.-
2526 3091 2626 3148 ubi
2654 3092 2705 3147 is
2727 3093 2848 3149 obit
2869 3108 3019 3147 mor-

599 3183 736 3251 tem,
758 3179 856 3251 qui
875 3179 1012 3235 mihi
1045 3179 1107 3235 id
1141 3197 1339 3237 aurum
1375 3181 1632 3252 credidit,
1656 3181 1811 3252 coepi
1846 3181 2160 3237 obseruare.
2227 3178 2463 3234 Noniue
2485 3192 2608 3249 359,
2633 3193 2716 3247 32.
2784 3177 3016 3246 Honor,

597 3265 966 3337 sacrificium,
1004 3267 1193 3322 litatio
1197 3309 1326 3323 ......
1333 3266 1588 3322 Plautus
1624 3266 1952 3323 Aulularia
1965 3286 1986 3323 .-
2042 3270 2102 3322 et
2148 3265 2316 3336 quide
2352 3262 2615 3319 maiorem
2656 3262 2831 3318 filium
2871 3260 3020 3318 Mihi

599 3350 865 3406 honorem
887 3350 1108 3418 habere,
1132 3366 1299 3418 quam
1331 3348 1452 3403 eius
1472 3349 1758 3405 habuisset
1787 3352 1964 3418 pater.
2033 3348 2266 3405 Nonius
2291 3364 2410 3419 320,
2441 3361 2517 3417 15.
2586 3346 2744 3418 etqui
2775 3343 2903 3416 13³,
2928 3362 3023 3402 ec-

601 3435 700 3502 qui
722 3450 759 3498 γ
792 3440 845 3486 et
877 3433 1033 3485 Pall.
1070 3431 1204 3498 duo,
1239 3430 1442 3497 ecquid
1476 3433 1629 3486 codd.
1669 3449 1777 3486 rec.
1814 3433 2016 3489 decem.
2160 3437 2224 3491 17
2250 3434 2422 3489 Michi
2444 3433 2508 3493 3.
2651 3438 2717 3489 18
2743 3432 3022 3503 Inpendio

596 3532 713 3583 pro
748 3513 937 3581 magis.
1008 3511 1265 3568 Plautus
1301 3513 1663 3570 Aulularia.-
1700 3518 1870 3583 atque
1905 3517 2001 3572 ille
2037 3532 2175 3571 uero
2210 3517 2393 3573 minus
2429 3518 2720 3588 minusque
2753 3517 3024 3586 inpendio

604 3596 859 3667 [impedio
880 3594 1029 3667 libri]
1051 3611 1244 3651 curare
1264 3595 1557 3667 minusque
1579 3613 1671 3653 me
1692 3598 1961 3669 inpertire
1982 3601 2297 3657 honoribus.
2366 3603 2599 3659 Nonius
2621 3604 2735 3674 128,
2761 3617 2847 3671 30.
2917 3602 3026 3656 im-

604 3680 813 3751 pertire
834 3678 885 3738 3
884 3698 930 3748 γ,
952 3680 1219 3751 inpertire
1253 3680 1334 3751 Β,
1356 3681 1633 3738 Bothius:
1673 3683 1742 3739 de
1776 3682 1868 3739 liis
1887 3685 2110 3754 somnis
2142 3684 2279 3741 uide
2313 3687 2757 3757 Fleckeieeuum,
2780 3704 2863 3756 ep.
2884 3685 3022 3743 crit.

608 3783 709 3824 vn.
734 3771 878 3839 confi
908 3768 989 3824 ad
1006 3787 1063 3823 u.
1086 3769 1205 3824 280.
1345 3772 1415 3824 20
1452 3769 1544 3825 die
1580 3767 1709 3840 33,
1738 3770 1888 3824 diem
1920 3788 1970 3841 γ,
1994 3762 2152 3826 Pall.
2189 3778 2476 3839 quattuor.
2544 3773 2753 3827 factum
2792 3775 2881 3827 est
2916 3771 2970 3829 3
2969 3787 3020 3837 γ.

611 3861 676 3910 21
701 3855 969 3926 Pariter,
995 3855 1288 3911 similiter.
1361 3855 1617 3912 Plautus
1640 3856 1998 3914 Aulularia.-
2033 3857 2120 3913 his
2154 3874 2224 3913 ex
2261 3874 2322 3914 se
2354 3857 2501 3914 hunc
2535 3857 2764 3928 reliquit
2797 3857 2892 3928 qui
2926 3856 3026 3911 hic

608 3940 827 3997 habitat
848 3940 1038 4011 filium,
1061 3940 1274 4011 pariter
1294 3944 1584 4009 moratum,
1608 3946 1676 3998 ut
1697 3945 1858 4012 pater
1879 3945 2049 4010 atque
2071 3959 2208 3997 auus
2231 3942 2349 3998 eius
2371 3943 2493 3998 fuit.
2563 3942 2801 3998 Nonius
2821 3954 2946 4010 375,
2972 3941 3027 3996 8.

610 4025 865 4080 Plautus
887 4025 953 4080 in
976 4024 1331 4080 Aulularia:
1370 4024 1591 4080 Pariter
1612 4028 1858 4081 moratus
1880 4030 1947 4082 ut
1974 4029 2137 4098 pater
2167 4043 2415 4097 auusque
2439 4027 2558 4082 eius
2579 4026 2702 4082 fuit.
2770 4026 3027 4082 Seruius

611 4113 693 4166 ad
725 4111 881 4178 Vera.
910 4111 1106 4179 θωνα.
1130 4125 1167 4165 1.
1200 4112 1312 4181 189.
1336 4126 1405 4164 ex
1430 4126 1491 4166 se
1516 4118 1648 4179 poet
1681 4110 1731 4165 is
1760 4111 1983 4165 addunt
2018 4112 2192 4167 etiam
2227 4112 2368 4167 libri
2400 4110 2701 4188 Plautini,
2722 4110 2874 4179 quod
2906 4109 3028 4163 uix

613 4196 851 4251 tuteris.-
887 4195 1219 4250 delcuerzmt
1245 4196 1501 4264 Guyetue
1522 4203 1573 4250 et
1596 4196 2065 4264 Kampmannm.
2209 4203 2278 4251 22
2301 4197 2567 4265 Pariter,
2590 4195 2876 4264 similiter,
2898 4210 3031 4249 uno

613 4282 795 4337 modo.
867 4287 921 4336 et
964 4287 1044 4336 ost
1088 4282 1362 4337 anticum.
1431 4281 1692 4336 Plautus
1736 4280 1805 4335 iu
1852 4281 2207 4338 Aulularia.-
2257 4281 2435 4336 filium
2474 4281 2686 4352 pariter
2726 4281 3030 4335 moratum.

614 4363 857 4421 Seruius
893 4365 974 4419 ad
1008 4364 1165 4432 Vera.
1205 4365 1349 4421 Aeu.
1387 4380 1468 4420 xl.
1510 4378 1628 4434 592·
1699 4363 1822 4419 eius
1857 4364 2093 4419 Nonius
2133 4371 2187 4420 et
2224 4364 2488 4434 Seruius,
2522 4365 2686 4419 huius
2722 4362 2885 4430 Β3γ.
2958 4365 3037 4417 ut

612 4449 823 4521 pariter
861 4463 1106 4519 anusque
1138 4447 1204 4507 3.
1341 4454 1409 4505 23
1443 4466 1553 4505 una
1588 4452 1678 4505 est
1713 4446 1875 4516 Β3γ.
1944 4448 2111 4505 michi
2145 4449 2208 4509 3.
2349 4448 2579 4505 cottidie
2612 4446 2692 4518 B,
2714 4448 2924 4504 cotidie
2961 4448 3036 4515 3,

613 4530 862 4604 quotidie
885 4547 933 4598 γ.
1070 4535 1141 4587 24
1162 4531 1327 4588 thure
1350 4537 1401 4587 ot
1424 4530 1636 4602 aliquid
1658 4530 1709 4590 3
1709 4548 1756 4598 γ.
1899 4535 1968 4587 25
1992 4530 2148 4588 cuius
2170 4533 2239 4587 in
2261 4548 2298 4598 γ
2320 4530 2696 4601 Hildyardm
2718 4547 2830 4587 ouo
2860 4530 3040 4587 dicit.
