3293 5332
1136 1307 1563 1385 METRA
1632 1306 1808 1383 AV
1824 1303 2477 1382 LVLARIAE

624 1999 676 2038 u.
800 1987 827 2036 1
865 1979 941 2036 ad
977 1985 1078 2036 119
1112 1978 1331 2036 iambici
1367 1979 1566 2036 senarii

612 2112 685 2121 -
721 2088 823 2138 120
869 2083 930 2138 et
979 2086 1074 2137 121
1112 2080 1389 2137 bacchiaci
1423 2076 1737 2137 tetrametri
1770 2077 2057 2135 acatalecti

608 2221 682 2235 —
719 2198 818 2247 122
852 2191 1176 2248 bacchiacus
1208 2192 1466 2249 trimeter
1499 2191 1834 2249 acatalectus

608 2324 683 2339 --
719 2302 820 2352 123
854 2295 930 2352 ad
967 2304 1066 2352 125
1098 2286 1376 2352 bacchiaci
1408 2294 1723 2353 tetrametri
1747 2292 2037 2351 acataleeti

611 2425 685 2439 —
722 2403 820 2454 126
853 2397 1173 2455 bacchiacus
1205 2401 1461 2455 trimeter
1495 2398 1833 2455 acatalectus

614 2529 685 2540 —
723 2503 822 2560 127
856 2499 932 2556 ad
969 2507 1068 2558 134
1101 2500 1378 2557 bacchiaci
1411 2501 1727 2557 tetrametri
1760 2499 2048 2558 acatalecti

613 2632 686 2647 —-
723 2611 821 2662 135
856 2605 931 2662 ad
968 2611 1066 2668 137
1100 2605 1320 2662 iambici
1352 2605 1615 2662 octonarii

613 2735 686 2750 —-·
724 2713 824 2765 138
856 2708 1134 2764 trochaica
1167 2707 1409 2778 tripodia
1441 2706 1765 2764 catalectica

615 2841 682 2851 -
720 2817 818 2868 139
851 2810 1160 2867 trochaicus
1195 2811 1541 2883 septenarius

616 2942 687 2952 —
725 2919 826 2969 140
858 2912 1093 2971 iambica
1123 2914 1365 2988 tripodia
1396 2914 1718 2972 catalectica

616 3047 689 3062 —-
725 3026 819 3075 141
858 3020 1177 3080 bacchiacus
1210 3022 1464 3080 trimeter
1495 3022 1836 3080 acatalectus

616 3153 687 3166 --
725 3130 825 3180 142
871 3127 931 3181 et
979 3131 1082 3182 144
1115 3124 1306 3183 cretici
1339 3124 1657 3183 tetrametri
1689 3120 1976 3180 acatalecti

615 3257 688 3274 --
724 3238 825 3288 143
858 3232 1095 3290 creticus
1128 3203 1383 3288 trimeter
1416 3229 1753 3287 acatalectus

615 3363 689 3377 ·--
725 3342 824 3392 145
872 3340 932 3394 et
980 3343 1079 3394 146
1112 3337 1389 3393 bacchiaci
1424 3333 1741 3393 tetrametri
1775 3330 2065 3390 acatalecti

616 3463 690 3475 —
726 3436 825 3493 147
860 3436 936 3490 ad
972 3442 1072 3491 150
1107 3435 1441 3505 anapaestici
1477 3432 1703 3489 dimetri
1737 3432 2026 3490 acatalecti

617 3565 690 3578 —
726 3543 820 3591 151
865 3539 927 3592 et
971 3543 1070 3592 152
1106 3537 1226 3592 cola
1259 3536 1493 3593 iambica
1526 3537 1916 3608 semiquinaria
1948 3555 2075 3594 cum
2110 3535 2475 3609 quaternariis
2508 3533 2755 3592 iambicis

617 3667 690 3680 —
726 3645 826 3695 153
860 3655 1053 3696 uersus
1088 3642 1306 3712 spurius

615 3767 689 3780 —
726 3746 826 3797 154
859 3742 933 3798 ad
973 3748 1070 3801 158
1105 3744 1223 3800 cola
1255 3742 1488 3800 iambica
1519 3745 1909 3815 semiquinaria
1943 3764 2069 3804 cum
2103 3745 2468 3818 quaternariis
2500 3740 2743 3802 iambicis

616 3871 689 3885 —
726 3852 824 3903 159
859 3846 933 3903 ad
968 3850 1068 3908 277
1106 3848 1370 3904 trochaici
1404 3848 1702 3919 septenarii

616 3976 690 3989 -
720 3951 823 4007 278
858 3950 933 4007 ad
966 3957 1070 4008 402
1104 3951 1324 4008 iambici
1360 3951 1560 4007 senarii

615 4076 689 4089 —-
722 4055 824 4105 403
860 4050 935 4105 ad
970 4056 1072 4112 407
1108 4052 1372 4107 trochaici
1405 4053 1673 4109 octonarii

617 4178 690 4189 —
724 4156 826 4205 408
861 4150 936 4207 ad
968 4158 1067 4207 411
1105 4153 1327 4210 iambici
1362 4153 1627 4211 octonarii

617 4277 690 4290 —
721 4256 823 4305 412
857 4252 933 4306 ad
965 4258 1069 4306 442
1104 4255 1224 4311 cola
1254 4256 1487 4313 iambica.
1520 4255 1908 4326 semiquinaria
1940 4272 2067 4313 cum
2101 4256 2471 4327 quaternariis
2504 4253 2756 4311 iambicis

616 4379 690 4392 -
721 4357 824 4410 443
857 4370 1052 4410 uersus
1084 4361 1390 4429 corruptus,
1424 4362 1491 4415 ut
1523 4358 1750 4414 uidetur

615 4480 689 4493 —
721 4460 824 4510 444
858 4454 933 4511 ad
966 4458 1070 4516 470
1103 4458 1368 4515 trochaici
1402 4457 1701 4530 septenarii
