3293 5332
589 326 685 398 74
1554 300 2037 373 AVLVLARIA.
2525 314 2654 390 [xv.
2679 310 2760 375 ιο.
2784 323 3015 376 43-48.

1641 503 1945 571 Ech10.

754 621 974 708 neque
1012 619 1147 688 scis
1188 619 1344 707 quis
1384 617 1469 689 id
1506 618 1912 688 abstulerit?

1574 739 2001 808 hommum.

1954 856 2132 924 istuc
2173 855 2447 943 qucque
2484 856 2688 925 mna.

1643 977 1948 1045 Evam.

2368 1093 2568 1181 atqui
2608 1095 2666 1163 it
2708 1092 2766 1162 si
2810 1094 3006 1179 scies,

756 1213 877 1300 qui
918 1209 1292 1294 abstulerit,
1336 1209 1505 1276 mihi
1547 1207 1928 1278 indicabis?

1582 1326 2006 1395 Iuconmns.

1925 1447 2185 1516 faciam.

1632 1566 1936 1634 EVOLIO.

2174 1704 2399 1770 neque
2441 1683 2703 1771 partem
2744 1684 2874 1753 tibi

755 1792 846 1880 ab
888 1828 971 1877 eo
1011 1805 1174 1893 quoi
1215 1805 1306 1873 sit
1345 1803 1728 1889 indipisces.
1782 1824 2004 1889 neque
2047 1801 2267 1870 furem
2310 1801 2651 1890 excipies?

1583 1921 2007 1989 Lmonnms.

1852 2052 1862 2062 ’
2658 2039 2775 2107 ita.
2932 2056 2997 2106 45

1642 2157 1943 2226 Evcmo·

753 2284 811 2353 it
849 2282 915 2353 si
951 2279 1178 2349 fallis?
1923 2360 1928 2367 .

1577 2396 2003 2466 Iacens-nus,

1182 2514 1329 2584 tum
1370 2535 1480 2583 me
1521 2515 1726 2582 faciat
1767 2515 1953 2600 qued
1994 2515 2144 2584 uolt
2182 2534 2467 2599 magnus
2512 2511 2835 2601 Iuppiter.

1637 2631 1938 2700 Echm.

584 2780 715 2849 770
755 2759 864 2831 sat
903 2754 1141 2825 habeo·
1196 2774 1324 2840 age
1363 2773 1564 2835 nunc,
1607 2750 1888 2837 lbquere
1930 2749 2098 2837 quid
2139 2750 2268 2819 uis.

1579 2870 1987 2938 Lloonmns.
2657 2923 2661 2927 .

2220 2985 2277 3055 si
2320 3007 2430 3055 me
2458 2985 2712 3055 nouisti
2748 2987 2989 3073 minus,

750 3117 998 3206 genere
1038 3115 1159 3201 qui
1186 3112 1314 3182 sim
1341 3110 1609 3199 gnatus,
1637 3110 1752 3180 hic
1777 3110 1946 3179 mihi
1974 3108 2078 3179 est
2103 3109 2511 3196 Megadorus
2540 3107 2933 3179 auonculus.

579 3354 736 3410 Bona
779 3366 888 3406 non
930 3347 1030 3415 ιῙγ.
1207 3350 1309 3409 766
1344 3347 1406 3403 id
1443 3347 1673 3403 addidi.
1744 3348 1915 3417 atque
1957 3344 2117 3416 ἶῶνί,
2163 3344 2321 3416 atqui
2366 3344 2593 3416 scripsi.
2662 3344 2805 3403 scias
2843 3346 2992 3405 libo-2·

578 3438 685 3506 qui
720 3435 815 3490 hic
846 3433 1180 3501 interpolati
1206 3439 1358 3488 sunt.
1429 3431 1495 3489 B
1530 3433 1690 3487 enim
1712 3433 1884 3487 initio
1907 3432 2108 3488 habuit
2137 3435 2306 3502 atque
2345 3432 2410 3485 ut
2440 3431 2489 3486 si
2524 3430 2774 3501 sciesque
2805 3431 2992 3489 abstu-

579 3522 724 3587 lerit,
754 3522 950 3585 postea
968 3518 1207 3582 sactum
1247 3519 1417 3585 atque
1453 3516 1514 3570 id
1552 3517 1601 3571 si
1638 3517 1778 3571 scies
1816 3518 1926 3587 qui.
2015 3520 2207 3589 Atque
2253 3516 2441 3573 siscias
2479 3517 2578 3589 qui
2624 3517 2919 3572 abstulerit
2960 3520 2986 3588 ΙΙ

579 3606 779 3674 Neque
826 3601 932 3656 scis
977 3600 1072 3669 qui
1113 3600 1409 3657 abstulerit
1452 3602 1589 3658 mihi
1632 3603 1901 3659 indicabis
1944 3602 1996 3662 ,Ι
2040 3623 2173 3662 eum
2216 3604 2378 3661 Pau.
2469 3604 2540 3661 in
2586 3621 2622 3671 γ
2666 3618 2800 3659 uero
2842 3603 2988 3659 haec

575 3690 891 3746 habentur.-

709 3789 809 3840 Εῠ.
846 3789 987 3839 Istuc
1018 3805 1214 3855 quoque
1245 3790 1396 3840 bona.
1463 3796 1617 3857 atque
1649 3793 1694 3843 si
1726 3794 1852 3844 scias
1891 3808 1937 3867 q.
1957 3797 2223 3847 abstulerit

837 3871 1020 3937 Neque
1051 3872 1148 3921 scis
1180 3888 1228 3940 q,
1248 3872 1509 3923 abstulerit
1542 3868 1594 3923 11‘1
1625 3875 1903 3928 indicabis?
1971 3878 2068 3927 LY.
2102 3877 2247 3927 facia.
2283 3878 2346 3928 E.
2381 3894 2545 3944 neque
2576 3879 2718 3942 parte

837 3954 952 4004 Tibi
984 3954 1049 4004 ab
1081 3971 1141 4005 eo
1175 3955 1292 4031 cuiq
1324 3962 1353 4004 δ
1387 3955 1504 4006 inde
1538 3973 1727 4021 posces.
1795 3974 1886 4023 equ.

576 4054 679 4113 768
713 4052 1080 4122 indipixere,
1111 4060 1321 4122 petere,
1362 4070 1672 4124 usurpare.
1759 4057 2018 4112 Plautus
2051 4057 2417 4116 Aulularia.-
2464 4072 2568 4113 nec
2607 4058 2830 4126 partem
2878 4056 2990 4112 tibi

573 4140 735 4198 Adeo
769 4142 860 4195 cui
896 4142 972 4196 sit
1006 4141 1299 4213 indipisces
1339 4158 1521 4213 neque
1558 4144 1738 4199 furem
1784 4144 2039 4215 excipies.
2134 4144 2366 4202 Nonius
2407 4161 2522 4216 129,
2570 4159 2612 4200 1.
2708 4143 2988 4213 excipere,

572 4239 845 4279 excusare
878 4224 977 4280 uel
1008 4225 1201 4282 celare.
1272 4226 1532 4282 Plautus
1565 4228 1635 4282 in
1675 4229 1999 4284 Aulularia
2010 4247 2032 4285 .·
2067 4245 2172 4286 nec
2192 4235 2414 4303 partem
2450 4228 2559 4286 tibi
2599 4227 2763 4286 Adeo
2786 4227 2878 4283 cui
2900 4227 2988 4283 uis

570 4308 851 4379 indipiscis
890 4326 1072 4381 neque
1100 4312 1279 4368 furem
1321 4314 1573 4384 excipias.
1644 4314 1878 4371 Nonius
1927 4332 2046 4386 293,
2076 4332 2152 4374 12.
2247 4317 2505 4387 cuiquam
2537 4317 2626 4371 est
2661 4313 2988 4384 indeposces

569 4391 733 4463 mv,
781 4394 1112 4464 quicumque
1151 4400 1239 4452 est
1282 4397 1531 4467 Pareae,
1577 4399 1922 4456 Nonianam
1976 4404 2336 4471 scripturam
2392 4400 2651 4458 restituit
2696 4406 2990 4454 corrector

569 4480 847 4538 Palatini
875 4481 1090 4550 primi.
1159 4485 1350 4554 expies
1386 4483 1483 4553 ιῐγ.
1688 4490 1789 4547 769
1825 4489 1872 4544 si
1914 4489 2064 4546 deest
2102 4491 2170 4546 in
2205 4491 2392 4547 libris.
2462 4489 2511 4545 it
2547 4485 2664 4557 Ba,
2687 4486 2751 4542 id
2787 4483 2988 4550 Bbsv.

570 4563 780 4633 Quidsi
797 4565 941 4622 fallis
955 4565 1347 4625 Camerarius.
1390 4570 1646 4637 sortasse
1659 4572 2022 4640 praestiterit
2035 4573 2096 4628 id
2113 4573 2161 4630 si
2183 4574 2354 4630 falles.
2412 4572 2592 4632 nol-1.
2700 4575 2805 4634 770
2827 4568 2987 4642 quod
