3293 5332
547 295 640 381 48
1509 285 1981 344 AVLVLARIA.
2469 280 2604 346 [111.
2629 283 2854 335 4.·s-5.
2882 280 2961 329 lo.

722 501 838 569 ubi
883 503 1031 567 erat
1073 497 1240 563 haec
1284 491 1567 573 defossa,
1611 487 1877 574 occepit
1918 483 2013 551 ibi
2056 482 2424 569 scalpurire
2466 477 2737 562 ungulis

548 621 636 700 46
641 633 671 701 5
722 615 1162 686 circumcirca
1223 610 1388 697 quid
1418 612 1621 695 opust
1649 606 1926 672 uerbis?
1984 604 2081 670 ita
2109 603 2203 669 mi
2232 606 2470 688 pectus
2501 596 2844 684 peracuit:

720 735 916 821 capio
943 734 1213 815 fustem,
1244 727 1576 816 optm'mco
1605 725 1878 811 gallum,
1910 723 2128 788 furem
2158 717 2738 787 manufestarium.
2904 729 2964 776 ιο

723 855 923 925 credo
951 852 1194 939 edepol
1222 872 1349 935 ego
1377 847 1475 915 illi
1505 845 1881 913 mercedem
1913 841 2095 928 gallo
2123 835 2458 925 pollicitos
2497 853 2707 913 cocoS,

723 972 780 1040 si
810 972 881 1039 id
907 971 1132 1057 palam
1162 965 1445 1034 fecisset.
1501 961 1725 1030 exemi
1755 959 1844 1026 ex
1873 980 2080 1025 manu
2108 954 2259 1024 istis
2287 950 2735 1019 manubrium.

605 1093 610 1098 ’
727 1090 845 1158 sed
887 1089 1310 1174 Megadorus,
1355 1084 1546 1152 meus
1589 1081 1852 1163 adfinis,
1898 1078 2127 1146 eccum
2170 1073 2424 1142 incedit
2468 1071 2509 1137 a
2554 1069 2717 1136 for0.

556 1225 688 1292 470
729 1209 862 1275 iam
892 1205 1072 1273 hunc
1101 1225 1237 1271 non
1271 1201 1490 1270 ausim
1518 1196 1903 1285 praeterire,
1925 1192 2089 1279 quin
2119 1190 2478 1259 consistam
2496 1190 2567 1254 et
2587 1186 2973 1270 conloquar·

1263 1731 1841 1805 MEGADORVS.
1926 1725 2279 1796 EVCLIO.
2810 1721 2911 1786 III
2932 1715 2976 1784 ’5

1536 1926 2020 1992 MEGADORVS.

688 2092 691 2097 ·
737 2051 1010 2121 narraui
1051 2049 1284 2117 amicis
1326 2044 1558 2113 multis
1602 2039 1953 2109 consilium
1995 2055 2219 2102 meum

739 2173 827 2240 de
869 2167 1260 2237 condicione
1303 2166 1470 2232 hac:
1529 2158 1872 2229 Euclionis
1914 2132 2123 2222 filiam

738 2289 1062 2359 laudant:
1122 2285 1463 2373 sapienter
1504 2280 1762 2348 factum
1808 2282 1879 2344 et
1921 2270 2197 2342 consilio
2242 2272 2438 2338 bono.

738 2431 896 2477 nam
938 2404 1089 2474 meo
1134 2404 1409 2490 quidem
1452 2400 1698 2481 anim0‚
1743 2396 1801 2462 si
1845 2392 2023 2460 idem
2066 2390 2319 2457 faciant
2361 2385 2563 2454 ceteri

569 2545 692 2614 475
744 2526 1216 2615 opulentiores,
1260 2521 1740 2610 pauperiorum
1783 2515 1819 2581 f
1821 2514 1970 2580 ilias
2653 2582 2657 2587 p
2954 2522 2985 2568 5

743 2652 824 2716 ut
866 2645 1203 2714 indotatas
1248 2640 1498 2710 ducant
1539 2634 1788 2704 uxores
1834 2633 2146 2701 domum:

745 2773 817 2835 et
858 2765 1072 2833 multo
1113 2765 1236 2831 fiat
1276 2761 1516 2830 ciuitas
1559 2754 1952 2826 concordior

744 2890 816 2954 et
855 2881 1112 2951 inuidia
1152 2877 1277 2946 nos
1319 2877 1577 2944 minore
1620 2878 1895 2940 utamur
1937 2891 2142 2955 quam
2184 2869 2454 2951 utimur,

746 3008 819 3072 et
859 2998 1012 3067 illae
1055 2997 1301 3065 malam
1346 3015 1488 3061 rem
1532 2991 1842 3060 metuant
1885 3010 2090 3074 quam
2131 2988 2440 3056 metuont
2480 2988 2711 3072 magis,

576 3131 707 3210 480
749 3132 820 3198 et
860 3122 984 3192 nos
1026 3121 1284 3189 minore
1327 3118 1604 3204 sumptu
1645 3116 1854 3184 simus
1898 3113 2103 3200 quam
2146 3134 2397 3181 sumus.
2931 3130 2990 3178 ιο

578 3344 891 3419 penussime
914 3340 994 3411 B,
1016 3340 1331 3411 penissume
1347 3339 1411 3407 J,
1434 3337 1731 3408 penissime
1754 3352 1803 3402 γ.
1942 3340 2046 3391 464
2079 3332 2455 3402 scalpurrire.
2526 3330 2780 3386 Plautus
2801 3330 2989 3385 Aulu-

578 3433 775 3487 laria:
812 3428 910 3482 ubi
934 3430 1058 3480 erat
1079 3426 1217 3480 haec
1240 3425 1473 3490 defossa,
1497 3422 1722 3492 obcepit
1744 3421 1821 3476 ibi
1847 3421 2176 3492 scalpurrire
2199 3418 2429 3488 ungulis.
2497 3417 2735 3472 Nonius
2763 3430 2878 3485 171,
2904 3430 2988 3484 32.

581 3513 879 3583 scalpurire
902 3510 982 3577 B,
1005 3509 1331 3604 scalpurrire
1352 3507 1402 3566 J
1402 3525 1438 3574 γ
1473 3524 1606 3562 eum
1642 3508 1786 3562 aliis
1809 3509 1977 3562 libris
2017 3523 2145 3577 ree„
2171 3505 2468 3574 scalpurire
2492 3503 2570 3558 ibi
2594 3504 2993 3569 transportabat

587 3606 832 3661 Harizoe.
959 3603 1193 3672 ungulas
1217 3603 1293 3659 B.
1434 3608 1537 3659 465
1574 3619 1713 3673 opus
1728 3606 1817 3658 est
1837 3602 1936 3669 ιῖγ.
2075 3600 2329 3659 michi-1.
2483 3606 2585 3656 466
2620 3602 2882 3669 optrunco
2917 3597 2988 3666 J,

576 3687 847 3764 obtrunco
887 3706 1004 3774 By.
1209 3706 1586 3762 manifestarit}
1633 3707 1698 3776 J,
1746 3681 2181 3763 manifestarium
2229 3723 2276 3772 γ.
2485 3706 2587 3762 467
2645 3718 2844 3772 coquos
2891 3701 2991 3768 ιῐγ.

583 3802 689 3851 466
711 3794 833 3850 istis
855 3793 1081 3850 addidi.
1145 3794 1329 3863 possis
1352 3793 1531 3847 exemi
1557 3793 1631 3849 eis
1656 3811 1724 3850 ex
1749 3795 1999 3850 manibus
2020 3791 2384 3847 manubrium.
2445 3796 2578 3858 post
2600 3789 2752 3843 hune
2775 3788 2994 3856 leqitur

584 3882 652 3936 in
686 3881 853 3937 libris
887 3880 1286 3948 dictem-aphia
1320 3895 1523 3933 uerene
1557 3886 1660 3936 465
1694 3898 1735 3935 ε.
1762 3886 1905 3934 recte
1946 3896 1984 3934 a
2033 3879 2251 3945 Guyeto
2292 3877 2526 3945 expulsa
2561 3874 2696 3944 quid
2735 3891 2888 3944 opus.
2908 3878 2994 3928 est

586 3966 809 4023 uerbis?
843 3967 990 4022 facta
1027 3969 1114 4020 est
1149 3980 1335 4034 pugna
1369 3963 1426 4017 in
1463 3965 1608 4034 gallo
1643 3965 1955 4035 gallinaceo,
2028 3963 2164 4017 uide
2197 3962 2372 4018 etiam
2416 3960 2635 4015 Oeanni
2667 3959 2822 4014 anal.
2865 3961 2994 4014 crit.

577 4071 640 4124 p.
672 4055 783 4108 181.
924 4056 1028 4109 470
1051 4049 1328 4118 colloquar
1349 4045 1448 4113 ιῐγ.

692 4140 1047 4194 MnoAnonvs
1072 4135 1282 4189 Evomo
1307 4133 1387 4202 B,
1411 4148 1521 4187 nvo
1547 4133 1739 4188 sznx
1764 4132 1932 4186 addit
1954 4129 2019 4200 J,
2043 4148 2201 4187 senes
2225 4130 2336 4186 duo
2358 4147 2407 4196 γ.

693 4226 797 4282 472
833 4221 898 4277 B
911 4222 1083 4289 ponit
1109 4228 1398 4290 punctum
1428 4226 1557 4287 post
1579 4219 1749 4273 filiam
1786 4218 2032 4285 itemque
2045 4223 2174 4285 post
2196 4217 2421 4271 factum.
2491 4214 2565 4269 de
2588 4214 2900 4269 conditione
2936 4232 3001 4271 ac

592 4306 866 4363 Euclionis
903 4304 1016 4358 filia
1059 4303 1209 4359 Pau.
1257 4321 1373 4360 non
1417 4302 1584 4357 nulli.
1759 4303 1863 4358 478
1897 4300 2108 4354 minore
2152 4317 2252 4355 nos
2289 4297 2453 4365 Βιῐγ,
2490 4316 2590 4354 nos
2630 4300 2842 4354 minore
2885 4300 3004 4354 cod.

593 4387 1082 4485 Cantabriqifmie
1102 4406 1254 4443 anno
1284 4401 1414 4458 1415
1441 4387 1705 4455 scriptus.
1879 4391 1980 4444 479
2015 4390 2277 4441 metuunt
2311 4384 2475 4454 Βιῐγ,
2498 4387 2751 4439 metuont
2773 4384 3008 4453 scripsi.

590 4491 695 4542 480
729 4486 951 4568 sumpta
973 4479 1041 4538 J.
1201 4486 1301 4537 481
1330 4480 1593 4552 optimam
1617 4476 1697 4535 B.
1793 4476 2100 4532 Inmaxima
2121 4477 2245 4533 illec
2268 4477 2456 4548 populi
2479 4455 2640 4546 pai-'te
2664 4479 2753 4531 est
2774 4478 3012 4546 optuma
