3293 5332
15 0 1427 33 *mm—W*

405 421 411 425 -
507 376 604 452 542,

1438 0 1623 9 ’ὛῘῘἼ

1284 328 1297 375 ⁵
1463 339 1944 404 AvaLAIuA.
2428 329 2567 401 [111.
2605 334 2653 385 6.
2689 330 2913 382 24—31.

678 526 829 622 tum
872 547 1237 620 obsonium
1277 546 1507 612 autem
1551 538 1670 626 pol
1711 535 1827 601 uel
1867 527 2119 617 leyioni
2163 530 2270 594 sat
2312 526 2436 591 est.

1490 659 1962 726 MEGADORVS.

699 787 904 855 etiam
947 784 1201 869 iignum
1243 778 1414 845 misi.
2877 772 2939 818 25

1590 898 1889 963 Evam.

1415 1016 1550 1105 quo
1595 1013 1873 1101 quidem
1915 1030 2106 1095 agno
2133 1006 2243 1075 sit
2284 1004 2423 1073 scio

709 1165 925 1230 magis
968 1143 1298 1212 curiosam
1340 1138 1675 1223 nusquam
1717 1153 1864 1200 esse
1905 1129 2115 1197 ullam
2156 1124 2423 1194 beluam

1513 1255 1960 1321 MEGADORVS

552 1399 582 1467 5
595 1399 625 1467 5
637 1399 669 1468 5
719 1384 878 1452 uolo
920 1404 1049 1469 ego
1092 1382 1183 1449 ex
1222 1387 1296 1449 te
1340 1378 1510 1446 seire
1553 1371 1671 1460 qui
1716 1370 1806 1438 sit
1848 1387 2061 1453 agnus
2104 1364 2308 1432 curio·

1595 1493 1896 1560 Evcuo,

721 1623 882 1711 quia
925 1621 1076 1689 ossa
1117 1642 1197 1688 ae
1237 1617 1435 1705 pellis
1476 1612 1736 1683 totust:
1793 1609 1894 1676 ita
1935 1604 2098 1674 euri,
2140 1604 2378 1670 maeet.

722 1740 891 1827 quin
934 1738 1095 1806 exta
1135 1735 1468 1821 inspicere
1509 1731 1583 1798 in
1625 1728 1769 1796 sole
1812 1725 2027 1794 etiam
2067 1719 2231 1789 uiuo
2273 1719 2471 1787 lieet:

723 1862 821 1930 ita
863 1860 921 1927 is
961 1858 1258 1945 pellucet
1299 1852 1496 1942 quusi
1537 1850 1848 1918 lanterna
1887 1841 2160 1912 Punica.
2901 1844 2966 1890 30

1518 1971 2000 2039 MEGADORVS.

730 2094 1151 2166 caedundum
1193 2089 1387 2159 illum
1430 2107 1557 2173 ego
1600 2080 1917 2152 conduxi.

1616 2204 1909 2271 Evcma

1923 2324 2075 2388 tum
2114 2321 2195 2385 tu
2236 2315 2418 2382 idem
2463 2307 2882 2397 optumumst

576 2629 640 2685 16
665 2628 764 2686 ubi
784 2626 961 2683 uerba
996 2622 1163 2680 uncie
1197 2620 1426 2678 inclusa
1463 2633 1502 2674 a
1537 2632 1628 2673 me
1651 2616 1853 2672 addita
1877 2619 2028 2670 sunt.
2098 2612 2258 2668 idem
2281 2610 2546 2664 Donatus
2568 2605 2765 2662 eadem
2796 2600 2983 2657 uerba

574 2716 712 2771 citat
731 2711 1079 2787 §intercipit
1110 2706 1353 2778 proprie
1386 2703 1554 2774 quasi
1591 2708 1771 2757 totum
1805 2700 1964 2769 capit
1998 2698 2257 2753 Plautus
2294 2696 2364 2752 in
2402 2690 2761 2750 Aulularia:
2820 2687 2982 2753 Quae

574 2800 710 2856 mihi
746 2795 1083 2853 interbibere
1125 2792 1253 2860 sola,
1293 2790 1339 2846 si
1376 2789 1505 2843 uino
1547 2788 1773 2853 scateat,
1815 2782 2257 2839 Corinthiensem
2291 2782 2501 2837 fontem
2542 2781 2603 2834 et
2640 2778 2986 2846 Pyrenaeum

573 2883 792 2956 potest!
862 2883 922 2936 et
956 2878 1230 2950 pirineum
1267 2873 1347 2944 B,
1386 2875 1446 2929 et
1483 2872 1770 2942 pireneum
1800 2869 1866 2939 J,
1890 2871 1951 2924 et
1984 2884 2289 2939 pyreneum
2313 2885 2363 2937 γ,
2432 2866 2670 2921 Pirenen
2709 2862 2986 2928 Guyetuc,

577 2970 834 3026 Pirenam
879 2966 1151 3022 Gollerus.
1224 2957 1692 3018 Corrinthiensem
1714 2954 1779 3013 J.
1919 2959 2023 3008 552
2054 2970 2327 3022 personas
2366 2949 2596 3007 eathibui
2633 2963 2703 3003 ex
2736 2943 2988 3001 auctori-

582 3064 692 3113 tate
716 3053 843 3113 13³.
916 3049 1239 3122 obsequium
1265 3063 1381 3118 pro
1417 3043 1706 3099 obsonium
1744 3040 2004 3112 permire
2025 3038 2123 3107 ιῐγ.
2263 3039 2355 3093 uel
2394 3035 2541 3093 leoni
2580 3037 2705 3090 sata.
2742 3036 2832 3088 est
2866 3028 2990 3098 Ba,

575 3142 719 3199 leoni
742 3144 830 3198 sat
852 3142 940 3196 est
960 3137 1058 3205 ιῐγ.
1211 3139 1314 3190 553
1350 3133 1417 3187 in
1439 3129 1489 3188 J
1508 3136 1654 3184 totus
1675 3128 1990 3197 Meqadoro
2012 3126 2386 3182 adtribuitur.
2545 3122 2772 3178 beluam
2803 3117 2997 3185 indif-

565 3232 834 3300 jerenter
871 3227 1073 3299 posuit
1118 3222 1433 3281 auctoritas
1477 3223 1753 3274 ueterum.
1823 3215 2078 3271 Plautus
2116 3209 2470 3267 Aulularia.-
2528 3208 2587 3264 in
2633 3224 2744 3278 quo
2767 3203 2997 3275 quidem

585 3334 729 3387 agno
752 3318 872 3372 seat
893 3315 1022 3382 sci0,
1047 3309 1224 3379 magis
1247 3306 1519 3363 curiosam
1543 3318 1845 3372 numquam
1877 3315 1999 3355 esse
2035 3298 2206 3354 ullam
2235 3297 2475 3353 beluam.
2540 3294 2775 3350 Nonius
2795 3307 2831 3358 4
2835 3305 2863 3360 5
2869 3303 2915 3359 5,
2945 3303 2998 3344 2.

583 3418 858 3473 nusquam
894 3399 1036 3454 libri
1073 3392 1368 3449 Plautini.
1531 3388 1815 3443 curionem
1858 3385 2225 3441 Gulielmius.
2366 3388 2468 3438 555
2503 3381 2684 3451 curi0,
2722 3379 2997 3435 cur-iosus.

588 3490 843 3542 Plautus
881 3480 1239 3538 Aulularia.-
1291 3474 1420 3530 uolo
1460 3489 1564 3542 ego
1601 3489 1673 3526 ex
1713 3475 1772 3526 te
1814 3472 1910 3539 qui
1947 3471 2054 3527 soit
2089 3486 2261 3541 agnus
2297 3469 2463 3525 curio.
2547 3468 2781 3525 Nonius
2821 3463 2906 3533 86,
2957 3478 3002 3519 1.

592 3571 858 3639 (curiosus
897 3562 1268 3632 interpolatio
1297 3566 1373 3615 eet
1410 3559 1701 3613 librorum
1736 3572 1855 3610 non
1893 3556 2193 3611 nullorum
2224 3554 2648 3611 Plautinorum
2685 3553 2785 3621 qui
2822 3549 3008 3603 initio

594 3655 746 3710 curio
770 3659 915 3709 recte
949 3647 1313 3717 habuerunt.)
1337 3644 1662 3700 ‘curionem
1697 3660 1918 3711 aqnum
1958 3643 2210 3698 Plautus
2231 3631 2350 3714 pro
2391 3659 2585 3697 macro
2613 3638 2805 3709 posuit
2828 3634 3006 3704 quasi

593 3757 738 3796 cura
784 3737 1149 3795 macruiseet?
1234 3732 1466 3790 Paulus
1512 3732 1813 3787 Diaconus
1845 3747 1904 3800 p.
1950 3731 2022 3785 60
2045 3747 2107 3786 Μ.
2188 3738 2438 3786 ceterum
2478 3728 2572 3782 liic
2610 3740 2810 3780 uersu-⁹
2838 3721 3013 3789 falso

596 3826 867 3882 Euclioni
905 3825 1191 3881 tribuitur
1237 3823 1305 3878 in
1340 3820 1406 3891 J,
1433 3820 1643 3876 ibidem
1683 3837 1711 3876 s
1726 3861 1739 3875 .
1753 3818 1803 3874 it
1838 3826 1992 3875 extat
2027 3826 2094 3874 ut
2130 3819 2305 3873 initio
2346 3816 2452 3871 scit
2472 3815 2657 3882 fuisse
2704 3811 3014 3880 adpareat.

598 3917 702 3969 556
739 3915 918 3970 maeet
940 3913 1193 3969 Plautus
1216 3910 1283 3965 in
1305 3907 1660 3965 Aulularia.-
1698 3906 1794 3975 qui
1816 3923 1942 3963 ossa
1963 3922 2027 3961 ao
2048 3906 2207 3975 pellis
2230 3908 2405 3973 teme,
2428 3903 2511 3958 ita
2542 3902 2739 3956 manet.
2771 3896 3016 3954 Nonius

603 4016 722 4072 509,
753 4018 776 4057 1
791 4017 832 4058 1.
971 3999 1067 4071 qui
1090 4015 1215 4055 ossa
1235 3997 1375 4052 Pal.
1400 4012 1566 4064 unus,
1591 3995 1744 4049 unde
1780 4010 1898 4047 non
1934 3992 2085 4047 nulli
2119 3993 2215 4060 qui
2251 4008 2376 4047 ossa
2398 3993 2566 4059 atque
2589 3987 2749 4059 pellis
2772 3986 3017 4041 coniece-

599 4095 760 4143 runt.
842 4086 926 4141 ita
947 4101 1137 4140 curam
1177 4082 1332 4152 aegei
1369 4080 1485 4149 Ba,
1510 4082 1698 4149 maget
1733 4076 1796 4145 J,
1822 4077 2000 4145 magei
2046 4077 2171 4132 Pal.
2203 4094 2305 4146 pr.
2318 4095 2340 4133 .·
2379 4076 2447 4131 in
2488 4074 2691 4143 quinto
2723 4073 2806 4127 ad
2838 4086 3017 4125 oram

605 4174 945 4228 adnotatum
990 4176 1069 4224 eet
1128 4168 1263 4223 alias
1306 4168 1503 4223 maeet.
1643 4165 1799 4220 totus
1846 4166 1935 4217 est
1969 4160 2135 4227 Βιῐγ.
2275 4168 2524 4217 ceterum
2571 4159 2639 4213 ab
2684 4158 2789 4212 hoc
2835 4172 3020 4210 uersu

605 4273 780 4324 usque
816 4256 896 4309 ad
929 4260 1026 4308 561
1068 4255 1265 4309 omnia
1304 4251 1619 4322 Meqadoro
1657 4248 2071 4304 continuantur
2095 4247 2162 4301 in
2183 4245 2246 4304 J.
2458 4247 2560 4304 557
2597 4242 2745 4298 solee
2778 4241 2911 4296 uiuo
2935 4238 3021 4310 B,

608 4340 790 4396 &uiuo
812 4339 862 4398 J
862 4357 898 4406 γ
920 4356 1051 4393 cum
1087 4356 1203 4394 uno
1234 4340 1386 4409 Pac„
1409 4338 1579 4393 etiam
1613 4334 1747 4389 uiuo
1788 4340 1917 4388 uett.
1960 4334 2083 4389 edd.
2240 4332 2550 4404 inspincere
2574 4331 2638 4390 J.
2779 4337 2886 4387 558
2925 4330 3027 4386 Ita

601 4426 842 4498 pellucet
878 4423 1035 4494 quasi
1070 4423 1324 4479 lanterna
1359 4421 1567 4478 Punica
1600 4418 1955 4474 Priscianus
1993 4419 2124 4473 inst.
2148 4434 2210 4475 11.
2242 4436 2307 4474 ιο
2343 4420 2450 4488 qui
2484 4420 2638 4474 hunc
2676 4433 2918 4473 uersum
2951 4434 3029 4472 esc

603 4511 898 4573 Asinaria
936 4510 1092 4565 citat.
1160 4509 1410 4565 lanterna
1440 4506 1521 4578 B,
1543 4506 1759 4562 laterna
1780 4505 1830 4564 J
1830 4525 1865 4574 γ
1885 4523 2017 4562 cum
2039 4523 2148 4563 rec.
2326 4513 2428 4564 559
2463 4507 2794 4575 conducere,
2817 4521 3031 4561 emere.

600 4599 854 4670 Plautus
867 4597 936 4653 in
949 4595 1303 4665 Aulularia:
1340 4594 1645 4664 cedendum
1669 4593 1906 4650 conduxi
1921 4610 2022 4665 ego
2044 4593 2214 4674 illum.
2256 4594 2489 4659 Noniae
2508 4608 2628 4663 274„
2651 4606 2728 4663 15.
2776 4592 3036 4659 caedere,
