3293 5332
485 267 575 353 58
1436 267 1916 325 AVLVLARIA.
2381 263 2511 349 [IV.
2548 273 2595 323 1.
2635 269 2822 328 17-2,
2840 270 2890 322 3.

486 477 569 548 59
574 476 606 546 5
655 484 812 530 nam
856 461 1010 529 erus
1051 480 1242 529 meus
1286 462 1468 527 amat
1509 457 1733 525 filiam
1774 456 1977 525 huius
2018 454 2357 524 Euclionis
2400 453 2756 541 pauperis:

654 579 802 648 eam
830 602 946 647 ero
972 599 1153 646 nunc
1181 577 1704 645 renuntiatumst
1729 579 2021 661 nuptum
2048 574 2209 641 huic
2238 572 2604 659 Megadord
2636 574 2797 641 dari.

655 697 713 765 is
742 697 1162 783 speculatum
1189 696 1324 762 huc
1353 694 1537 763 misit
1562 715 1674 761 me
1701 697 1782 791 ut
1810 713 1986 778 quae
2022 692 2276 760 fierent
2309 693 2507 761 fieret
2538 693 2893 779 particeps·

654 817 833 886 minc
863 816 1007 884 sine
1036 816 1218 883 omni
1247 813 1619 901 suspitione
1646 814 1717 880 in
1749 813 1867 880 ara
1893 814 2006 881 hic
2033 811 2339 880 adsidam
2369 833 2601 882 sacra:
2829 829 2891 877 20

659 935 816 1002 hinc
844 955 972 1019 ego
1001 938 1073 1002 et
1100 934 1234 1001 huc
1263 936 1335 1001 et
1362 931 1521 999 illuc
1549 936 1790 1019 potero
1817 930 1986 1017 quid
2012 934 2218 1017 agant
2245 929 2652 999 arbitrarier.

1230 1611 1586 1680 EVOLIO.
1670 1609 2173 1680 STROBILVS.
2722 1608 2825 1676 IV
2869 1626 2899 1672 2

1540 1833 1841 1902 Ev0L10.

491 1953 624 2017 600
665 1950 757 2035 tu3
784 1951 987 2020 modo
1030 1972 1197 2020 caue
1227 1949 1600 2038 quoiquam
1627 1949 1996 2034 indicassis,
2029 1947 2269 2015 aurum
2296 1967 2524 2014 meum
2552 1965 2698 2013 esse
2726 1944 2899 2030 istic,

2197 2068 2419 2135 Fides·

662 2187 802 2255 non
827 2192 1058 2258 metuo
1086 2211 1174 2258 ne
1202 2188 1560 2275 quisquam
1588 2187 1937 2258 inueniat:
2000 2185 2098 2254 ita
2129 2186 2345 2272 probe
2381 2187 2455 2253 in
2491 2184 2768 2254 latebris
2809 2183 2903 2252 si-

2199 2310 2431 2376 tumst.

668 2427 911 2516 edepol
954 2450 1043 2497 ne
1087 2428 1227 2496 illic
1270 2427 1574 2515 pulcram
1620 2428 1944 2514 praedam
1982 2426 2159 2513 agat,
2201 2426 2260 2493 si
2295 2426 2449 2513 quis
2483 2424 2672 2493 illam
2715 2421 2904 2491 inue-

2198 2544 2379 2613 nerit

502 2796 718 2867 erasae)
752 2812 959 2852 morem
997 2796 1152 2866 (inde
1184 2802 1501 2853 correctum
1532 2795 1797 2864 amorem)
1819 2793 1911 2852 B:
1945 2795 2408 2863 fortassefuerit
2430 2794 2601 2850 initio
2626 2793 2909 2866 superarei

501 2886 720 2941 amore?
753 2884 985 2940 offitium
1008 2882 1090 2941 Β.
1220 2874 1225 2881 ’
1262 2890 1364 2941 586
1400 2888 1462 2940 at
1482 2882 1601 2954 Βα,
1624 2882 1700 2939 ad
1723 2882 1915 2952 Βό-Ϊγ.
2066 2883 2213 2939 enim
2236 2882 2315 2954 Β,
2341 2900 2467 2939 eum
2490 2882 2540 2941 J
2540 2903 2575 2952 γ
2595 2901 2727 2940 cum
2750 2882 2907 2939 Pall.

501 2973 603 3030 587
627 2970 787 3040 pueri
808 2969 922 3030 Βιῐ
923 2990 969 3042 γ,
994 2970 1179 3043 pueris
1205 2971 1357 3027 Pall.
1382 2972 1510 3027 du0.
1583 2970 1767 3041 sirpea
1795 2970 1933 3026 indu
1949 3009 1963 3025 .
1979 2971 2074 3025 tur
2109 2968 2212 3026 Ba
2250 2986 2382 3025 cum
2404 2986 2639 3037 rasura,
2660 2969 2910 3025 induitur

502 3056 615 3128 Βό,
640 3060 821 3131 sirpea
842 3060 1124 3117 inducitur
1145 3060 1195 3119 J
1226 3067 1293 3129 et,
1323 3060 1447 3115 nisi
1480 3059 1632 3127 quod
1656 3058 1886 3129 scirpea,
1912 3073 1961 3123 γ.
2170 3057 2423 3113 Plautus
2454 3057 2522 3112 in
2544 3056 2905 3113 Aulularia:

503 3145 659 3215 quasi
680 3146 839 3215 pueri
863 3147 958 3217 qui
980 3164 1115 3206 nare
1139 3147 1372 3216 discunt,
1396 3146 1574 3217 scirpo
1596 3145 1860 3200 induetur
1882 3143 2033 3199 ratis.
2111 3143 2311 3199 Festus
2324 3162 2386 3213 p.
2413 3160 2519 3213 330
2545 3159 2607 3199 Μ.
2678 3150 2731 3199 et
2753 3144 2906 3199 idem

493 3247 555 3300 p.
603 3233 717 3303 166,
754 3233 853 3289 ubi
887 3234 1139 3291 induitur
1177 3234 1680 3291 habea—Plautus
1715 3234 1852 3302 (non
1892 3231 2094 3287 addito
2118 3231 2359 3297 fabulae
2398 3232 2649 3302 nomine)
2685 3231 2909 3301 Scirpea

502 3317 786 3376 inducitur
830 3322 982 3377 ratis.
1032 3322 1296 3376 Donatus
1342 3321 1422 3376 ad
1470 3321 1597 3376 Ter.
1633 3320 1828 3376 Andr.
1866 3334 1918 3375 v.
1953 3333 2004 3390 4,
2038 3318 2366 3388 38.—Quasi
2409 3320 2600 3390 pueris
2641 3317 2737 3388 qui
2772 3333 2906 3372 nare

504 3404 743 3472 discunt,
766 3406 979 3475 scirpea
999 3404 1250 3460 induitur
1272 3406 1425 3475 ratis,
1450 3404 1547 3474 qui
1569 3405 1825 3460 laborent
1857 3405 2054 3475 minus,
2075 3403 2289 3459 facilius
2310 3407 2377 3460 ut
2399 3408 2535 3461 nent
2569 3408 2628 3461 et
2651 3405 2908 3459 moueant

503 3507 712 3545 manus.
781 3492 1101 3547 Scholiasta
1137 3492 1513 3559 Gruquiamw
1545 3493 1628 3547 ad
1661 3492 1809 3549 Hor.
1835 3510 2003 3550 serm.
2029 3509 2065 3550 1.
2090 3508 2141 3563 4,
2173 3508 2287 3548 120.
2496 3499 2598 3550 589
2634 3509 2826 3548 seruus
2859 3508 2909 3557 γ.

502 3576 636 3629 hero
659 3583 844 3643 aequfi
866 3573 916 3632 J
916 3594 964 3643 γ.
1119 3581 1223 3632 590
1256 3580 1323 3631 ut
1345 3576 1570 3632 tolleret
1592 3575 1672 3634 Β.
1832 3578 2034 3635 habeat
2055 3579 2105 3638 J
2106 3598 2153 3647 γ.
2310 3579 2565 3635 inlibris
2588 3579 2730 3633 deest
2762 3592 2906 3645 eum,

505 3660 656 3728 quod
675 3660 883 3716 addidi
893 3670 1208 3731 praeeunte
1230 3663 1443 3720 Hari0.
1563 3671 1662 3722 591
1702 3666 1874 3722 herile
1897 3665 1962 3724 Β
1975 3675 2215 3738 praeter
2237 3684 2474 3736 morem,
2498 3665 2584 3732 ιῐγ
2595 3682 2711 3734 pro
2733 3680 2907 3719 more.

506 3745 562 3799 f.
581 3761 665 3801 on.
691 3743 809 3816 Βα,
832 3746 985 3804 frons
1006 3747 1118 3819 Bb,
1141 3765 1250 3804 non
1273 3765 1335 3804 os
1356 3747 1406 3806 J
1407 3768 1442 3817 γ
1465 3766 1596 3805 cum
1617 3750 1778 3807 Pall.
1804 3752 2065 3822 idemque
2102 3753 2301 3808 Pareo
2343 3752 2516 3806 initio
2540 3751 2606 3805 in
2630 3749 2695 3805 Β
2716 3749 2911 3815 fuisse

504 3832 826 3891 uidebatur.
1036 3842 1140 3894 592
1172 3837 1341 3893 cicius
1362 3838 1425 3897 J.
1634 3845 1738 3896 593
1773 3856 2040 3896 censeone
2076 3837 2141 3896 Β
2178 3840 2247 3895 in
2286 3839 2554 3908 mai-qino
2576 3838 2719 3892 addi
2721 3838 2797 3891 tis
2818 3836 2912 3891 hic

505 3921 700 3976 uerbis
738 3926 804 3979 ut
843 3939 1008 3981 carne
1043 3941 1187 3995 quae
1220 3942 1291 3981 ea·
1327 3926 1688 3982 adnotatione
1724 3928 1927 3995 aliqua
1965 3928 2167 3982 relicta
2200 3928 2484 3983 uidentur
2517 3942 2642 3981 esse.
2714 3941 2911 3981 censeo

505 4009 784 4067 nebubula
804 4011 854 4070 J
855 4031 904 4080 γ.
1095 4016 1200 4068 594
1232 4011 1415 4070 rediet
1437 4011 1604 4083 Βασ,
1627 4013 1848 4084 rediget
1870 4013 1981 4083 Βό,
2003 4013 2206 4070 reddet
2229 4032 2278 4081 γ.
2453 4018 2555 4069 595
2590 4029 2737 4068 nunc
2760 4013 2909 4077 libri,

492 4113 633 4152 nam
655 4098 925 4153 Brixius.
1061 4097 1228 4153 herus
1252 4104 1304 4154 et
1327 4104 1429 4155 596
1453 4099 1588 4154 hero
1610 4096 1661 4155 J
1662 4116 1710 4165 γ.
1863 4104 1964 4156 596
2001 4098 2387 4155 renunciatum
2410 4101 2498 4155 est
2518 4096 2586 4155 J.
2731 4114 2914 4167 mage-

503 4186 771 4327 Ξὶξζὲΐὲσ
943 4184 1045 4243 597
1096 4185 1246 4242 furet
1281 4184 1400 4256 Ba,
1437 4185 1600 4242 fieret
1622 4182 1815 4254 Βϋιῐγ.
2048 4190 2151 4241 598
2186 4186 2498 4257 suspicione
2538 4183 2667 4253 Βιῐ,
2693 4201 2809 4240 non
2859 4201 2912 4250 γ.

609 4354 824 4411 Evcmo
859 4355 1063 4413 Smx.
1100 4355 1409 4416 Smnonmvs
1445 4359 1666 4416 Snnvvs
1699 4357 1813 4418 Βιῐ
1813 4377 1861 4426 γ.

612 4447 716 4499 600
740 4442 1033 4514 quiequam
1054 4443 1168 4504 Βιῐ
1168 4464 1217 4513 γ,
1232 4448 1352 4502 nisi
1373 4448 1524 4517 quod
1544 4447 1613 4502 in
1627 4445 1693 4504 Β
1708 4453 1942 4518 cpostea
1954 4457 2170 4518 puncto
2187 4451 2566 4508 subnotatum.
2614 4448 2915 4506 indicasses

508 4529 590 4600 Β,
613 4529 899 4587 indicassis
921 4530 1018 4598 ιῐγ.
1189 4550 1375 4591 meum
1409 4534 1556 4591 deest
1577 4534 1645 4591 in
1663 4553 1713 4602 γ.
1890 4540 1987 4591 601
2027 4535 2143 4593 sitii
2164 4546 2195 4594 δ
2216 4537 2266 4596 J
2266 4555 2314 4604 γ.
2491 4541 2594 4594 602
2628 4534 2917 4609 pulchram
