3293 5332
390 514 507 570 111.
544 520 592 571 s.
632 513 880 584 12—23.]
1360 515 1839 576 AVLVLARIA.
2707 528 2803 600 53

389 710 517 778 540
563 700 700 764 tam
741 695 893 764 hoc.
916 697 1045 765 scit
1085 719 1197 766 me
1240 698 1491 767 habere
1535 669 1742 786 quam
1785 701 2092 790 egomet:
2152 726 2323 775 anus
2358 704 2521 774 fecit
2561 704 2807 793 palam.

1352 819 1837 893 MEGADORVS.

558 931 727 1016 quid
768 931 846 999 tu
889 935 960 1000 te
1003 932 1186 1001 solus
1229 932 1268 1002 ό
1311 942 1555 1005 senatu
1596 937 1921 1011 seuocas2

1445 1056 1747 1126 Echm.

555 1167 674 1254 pol
717 1166 842 1254 ego
885 1174 958 1239 te
1000 1175 1082 1240 ut
1123 1172 1566 1258 amman-em,
1610 1175 2008 1244 meditabar.

1362 1292 1838 1365 MEGADORVS.

1980 1414 2149 1500 quid
2192 1417 2336 1485 esti

1446 1530 1749 1601 Evomo,

559 1644 726 1727 quid
767 1644 857 1712 sit
896 1666 1008 1713 me
1049 1646 1322 1735 rogitas,
1366 1647 1486 1735 qui
1527 1650 1698 1717 mihi
1741 1650 1960 1719 omnis
2004 1650 2291 1737 angulos
2743 1671 2799 1718 15

555 1761 782 1830 furum
825 1763 1172 1852 inpleuisti
1215 1768 1288 1834 in
1331 1766 1612 1835 aedibus
1655 1766 1901 1836 misero
1944 1769 2201 1836 mihi—

386 1892 506 1961 545
557 1880 677 1964 qui
717 1881 813 1948 mi
854 1881 1035 1951 intro
1077 1884 1264 1953 misti
1304 1884 1379 1954 in
1419 1885 1608 1953 aedis
1652 1884 2058 1973 quingentos
2102 1906 2357 1972 coquos

555 2020 712 2067 cum
756 1999 932 2068 senis
974 2002 1307 2087 manibus,
1351 2000 1597 2088 genere
1641 2002 2095 2089 Geryonaceo.

555 2137 727 2202 quos
770 2118 830 2185 si
870 2115 1112 2204 'Argus
1156 2124 1400 2205 seruet,
1446 2120 1568 2208 qui
1612 2117 1887 2187 oculeus
1929 2119 2117 2189 totuis
2158 2120 2310 2207 fuit,

556 2234 786 2320 (quem
828 2235 1171 2321 quondam
1214 2238 1366 2306 Ioni
1408 2238 1579 2306 Iuno
1623 2240 1974 2309 custodem
2016 2240 2308 2326 addidit)
2736 2260 2799 2311 20

556 2355 616 2422 is
656 2354 1029 2442 numquam
1072 2363 1318 2427 seruet.
1371 2358 1724 2447 praeterea
1765 2361 2131 2432 tibicenam

388 2486 517 2555 550
557 2492 734 2559 quae
774 2471 870 2539 mi
911 2471 1323 2543 interbibere
1365 2475 1526 2564 sola,
1571 2478 1631 2546 si
1674 2477 1835 2547 uino
1879 2483 2121 2565 scatat‚

559 2591 1097 2662 Corinthiensem
1139 2594 1399 2665 fontem
1443 2596 1759 2666 Pirenam
1800 2601 2045 2686 potest·

385 2785 490 2839 539
522 2780 688 2836 michi
726 2780 793 2838 J.
953 2788 1058 2839 540
1098 2782 1190 2841 hic
1226 2785 1385 2846 Pall.
1424 2786 1553 2842 duo.
1716 2790 1819 2842 541
1857 2787 2081 2841 senatus
2118 2800 2318 2841 euocas
2345 2783 2426 2854 B,
2450 2799 2675 2840 seuocas
2718 2784 2799 2839 ad

384 2883 567 2921 oram.
705 2872 810 2922 542
842 2874 1064 2923 secutus
1097 2886 1228 2925 sam
1266 2870 1573 2926 Bria-ium.
1643 2872 1706 2925 te
1741 2872 1809 2925 ut
1844 2884 2124 2925 accussem
2159 2868 2432 2940 (accusem
2468 2868 2518 2927 J
2518 2868 2575 2939 γ)
2597 2868 2796 2924 merito

383 2951 697 3007 meditabar
717 2950 881 3019 13³7.
947 2951 1041 3023 pol
1063 2969 1167 3024 ego
1199 2957 1267 3010 ut
1300 2958 1362 3011 te
1397 2971 1648 3011 accusem
1678 2956 1939 3014 meditor.
2008 2957 2157 3012 Mne.
2182 2972 2346 3012 mene
2382 2958 2481 3013 tu?
2517 2955 2653 3026 quid
2676 2956 2799 3011 est?

384 3035 693 3092 Acidalius
715 3037 1020 3106 inqeniose.
1089 3046 1342 3095 ceterum
1376 3041 1446 3095 in
1478 3038 1543 3097 B
1567 3041 1707 3110 (non
1741 3042 1809 3096 in
1840 3040 1947 3110 ὃν)
1971 3041 2289 3097 Meditabar
2308 3057 2527 3096 nouam
2561 3055 2798 3096 uersum
2825 3037 2836 3047 “

385 3121 617 3190 incipit,
654 3123 807 3178 unde
836 3123 1092 3189 fortasse
1128 3140 1247 3178 non
1282 3125 1450 3180 nulla
1485 3125 1846 3181 intercidisse
1886 3125 2145 3181 conicias.
2358 3130 2460 3180 545
2513 3124 2611 3195 qui
2661 3123 2799 3178 mihi

385 3205 575 3276 (michi
596 3204 667 3276 J>
690 3205 1040 3262 intromisisti
1073 3205 1132 3261 in
1163 3208 1392 3265 aedibus
1429 3208 1591 3278 st,
1616 3209 1915 3265 intromisti
1946 3209 2086 3265 Pal.
2113 3209 2408 3277 secundas,
2432 3205 2707 3263 immisisti
2739 3209 2800 3263 in

385 3301 554 3356 aedes
592 3300 750 3356 Pau.
774 3300 960 3356 ceteri.
1104 3306 1209 3357 546
1244 3318 1582 3371 gerronaceo
1613 3301 1776 3370 Βδγ.
1950 3305 2051 3361 547
2088 3301 2343 3357 occulens
2381 3299 2462 3372 B,
2487 3283 2741 3359 oculus-1.

387 3398 619 3467 ‘Araus
640 3399 923 3455 oculeuss’
957 3400 1159 3470 Arous
1183 3417 1389 3456 nomen
1411 3408 1492 3456 est
1513 3401 1767 3455 hominis
1790 3399 2369 3468 quisuissefinqitur
2382 3400 2555 3455 oeulis
2568 3373 2800 3469 pientes.

386 3484 619 3541 Paulus
640 3485 939 3541 Diaconus
965 3504 1030 3556 p.
1050 3488 1117 3541 28
1145 3486 1243 3556 (ad
1264 3486 1418 3542 Itane
1439 3504 1677 3542 uersum
1699 3486 1921 3543 rettulit
1948 3487 2010 3542 O.
2034 3483 2300 3555 Maller).
2370 3484 2533 3554 apud
2561 3484 2797 3540 Festum

378 3588 443 3642 p.
474 3572 572 3640 178
592 3587 653 3627 u.
698 3572 837 3627 haec
858 3580 995 3627 sunt
1019 3572 1204 3628 ‘idem
1223 3571 1285 3645 [i.
1295 3590 1338 3629 e.
1379 3572 1633 3644 Plautus]
1656 3573 1799 3629 alibi
1821 3572 2097 3627 oculatum
2120 3571 2289 3627 Ar...’
2313 3587 2492 3625 uersa
2521 3585 2644 3624 una
2666 3585 2799 3623 cum

386 3662 644 3731 sequenti
677 3663 872 3717 utitur
907 3662 1264 3717 Priscianus
1299 3660 1430 3715 inst.
1457 3674 1532 3714 vt.
1564 3661 1642 3715 18.
1783 3663 1888 3714 548
1924 3657 1995 3711 in
2032 3673 2065 3712 o
2094 3656 2446 3725 prodactam
2480 3653 2798 3711 desinentia

392 3747 612 3802 Graeca
636 3746 1091 3814 suntfeminina
1112 3753 1165 3808 et
1186 3745 1283 3801 uel
1307 3746 1524 3801 Graece
1555 3738 1942 3812 declinantur,
1965 3748 2032 3797 ut
2055 3742 2296 3796 “Manto
2326 3740 2589 3796 Mantus’
2608 3769 2695 3780 --
2709 3739 2802 3794 uel

385 3834 594 3890 addita
615 3832 760 3887 ‘nis'
784 3832 1022 3901 faciunt
1046 3833 1393 3903 genetiuum,
1414 3838 1483 3887 ut
1520 3831 1702 3887 ‘Dido
1739 3827 2025 3885 Didonis?
2047 3827 2292 3883 Accius:
2342 3824 2668 3881 ‘Custodem
2704 3823 2802 3879 ad-

389 3917 608 3974 siduom
654 3917 780 3974 Ioni
818 3918 1078 3988 adposuit
1120 3918 1346 3988 uirgini'
1350 3960 1479 3973 ......
1484 3918 1743 3972 Plautus
1787 3916 1857 3969 in
1900 3912 2260 3969 Aulularia.-
2316 3911 2467 3977 Quos
2512 3912 2560 3965 si
2612 3911 2799 3980 Argus

388 4006 579 4058 seruet
614 4003 709 4074 qui
752 4004 976 4059 oculeus
1013 4005 1168 4058 totus
1204 4003 1326 4072 fuit,
1365 4002 1542 4068 Quem
1579 3998 1858 4070 quondam
1897 3995 2021 4051 Ioni
2060 3995 2202 4049 Iuno
2240 3993 2523 4047 custodem
2564 3993 2799 4049 addidit.

386 4086 741 4142 Priscianus
775 4088 911 4142 inst.
952 4101 1030 4142 VI.
1080 4087 1157 4142 18.
1238 4086 1391 4142 Ioni.
1425 4085 1686 4140 Plautus
1725 4079 2086 4136 Aulularia.-
2143 4076 2321 4142 Quem
2367 4074 2649 4143 quondam
2691 4080 2802 4133 etc.

387 4172 625 4229 Nonius
667 4175 791 4245 487,
845 4174 925 4228 18.
1010 4189 1248 4227 uersum
1271 4190 1309 4228 a
1358 4172 1556 4227 lectore
1599 4166 1977 4238 qrammatico
2022 4162 2292 4218 additum
2337 4175 2448 4214 esse
2484 4166 2647 4228 puto,
2694 4161 2800 4227 qui

385 4275 590 4314 uersus
610 4258 860 4315 Acciani
882 4258 1244 4316 meminisset.
1313 4260 1368 4314 is
1390 4275 1529 4314 aero
1565 4261 1719 4312 extat
1759 4252 1926 4322 apud
1959 4247 2324 4305 Ribbeckium
2355 4245 2526 4315 Traq.
2551 4245 2648 4300 lat.
2671 4243 2797 4300 rell.

377 4358 444 4412 p.
473 4355 589 4411 157.
658 4344 796 4398 uide
819 4345 956 4399 diss.
972 4360 1037 4412 p.
1066 4358 1147 4402 ιι.
1287 4350 1390 4400 549
1427 4340 1711 4398 tibicinam
1733 4338 1842 4406 δγι
1877 4336 2023 4403 conf.
2049 4335 2129 4390 ad
2147 4350 2205 4389 a.
2229 4346 2350 4403 279.
2470 4346 2702 4403 praerea
2718 4327 2799 4387 B.

387 4434 496 4484 550
531 4428 697 4483 michi
730 4427 795 4499 J,
841 4430 974 4486 mihi
1021 4429 1136 4501 By,
1181 4429 1259 4485 mi
1305 4428 1573 4484 Botkius.
1641 4426 1820 4482 scatet
1865 4421 1945 4493 B,
1982 4421 2099 4476 duo
2138 4419 2297 4474 Pau.
2345 4423 2397 4473 et
2441 4416 2540 4486 ιῐγ,
2587 4419 2801 4473 scateat

389 4514 665 4570 Donatus
686 4515 771 4570 bis
800 4522 852 4572 et
892 4532 990 4572 sex
1012 4517 1166 4573 codd.
1190 4514 1536 4583 Hildyardi‚
1560 4514 1742 4569 scatat
1780 4508 2110 4565 Lambinus.
2227 4510 2327 4559 551
2368 4502 2811 4559 ‘interminatas

384 4598 545 4653 wm'
584 4616 702 4668 pro
740 4601 1027 4657 ‘minatus
1064 4601 1230 4657 sum?
1322 4598 1578 4655 Plautus
1612 4597 1682 4652 in
1718 4592 2043 4651 Aulularia
2087 4587 2445 4661 [interemere
2492 4586 2649 4641 dia-it
2682 4601 2802 4653 pro

385 4684 574 4741 bibere
595 4686 664 4742 in
687 4687 803 4758 his]
825 4692 1119 4759 praeterea
1139 4687 1440 4753 tibicinam,
1463 4700 1608 4755 quae
1639 4683 1776 4739 mihi
1811 4678 2152 4737 interbibere
2185 4675 2316 4744 sola,
2340 4675 2387 4730 si
2407 4674 2538 4729 uino
2571 4672 2801 4742 scateat,

388 4767 832 4829 Corinthiensem
854 4772 1067 4830 fontem
1102 4775 1166 4832 et
1202 4773 1545 4844 Pyrenaeum
1583 4770 1785 4841 potest.
1855 4766 2118 4824 Donatus
2149 4761 2233 4818 ad
2274 4758 2402 4818 Ter.
2422 4756 2614 4815 Andr.
2637 4767 2724 4811 111.
2749 4770 2802 4823 2,
