3293 5332
542 287 639 360 34
1499 261 1976 321 AVLVLARIA.
2518 254 2622 326 [11.
2649 258 2697 308 4.
2725 254 2948 309 31—44.

712 459 803 528 ab
843 459 1013 528 istoc
1054 476 1217 526 sene
1258 457 1339 520 ut
1381 450 1501 521 det
1542 448 1662 536 qul
1702 449 1946 516 fiamus
1987 444 2229 514 liberi?

1537 569 1965 639 Smomnvs.

718 700 964 768 famem
1007 693 1234 763 hercle
1274 690 1616 773 utendam,
1663 687 1720 755 si
1765 706 1976 771 roges,
2019 680 2393 769 numquam
2437 680 2643 749 dabit.

553 839 588 903 3
604 840 681 886 10
722 820 889 906 quin
930 817 1064 904 ipsi
1103 814 1368 902 pridem
1409 810 1644 880 tonsor
1685 806 1933 892 unguis
1975 803 2328 885 demserat,

724 937 1031 1021 conlegit,
1074 934 1298 1003 omnia
1340 930 1627 999 abstulit
1662 924 2142 1014 praesegmina.

1581 1050 1934 1118 Consano,

731 1177 972 1265 edepol
1014 1174 1365 1244 mortalem
1408 1171 1613 1258 parce
1656 1187 1937 1255 parcum
1978 1161 2345 1251 praedicas.
2900 1173 2963 1220 85

734 1528 1157 1617 pulmentum
1198 1525 1463 1614 pridem
1505 1523 1568 1593 ei
1611 1521 1915 1608 deripuit
1955 1520 2218 1588 mssuos.

571 1668 606 1734 3
622 1665 690 1732 15
741 1651 941 1717 homo
985 1647 1074 1715 ad
1115 1649 1497 1733 praetorem
1539 1639 2000 1729 plorabundus
2043 1639 2335 1722 deuenit,

738 1767 894 1835 infit
935 1766 1032 1833 ibi
1073 1762 1419 1851 postulare
1459 1761 1733 1847 plorans
1776 1757 2051 1841 eiulans,

742 1873 821 1955 ut
863 1886 992 1954 sibi
1032 1885 1268 1952 liceret
1306 1879 1590 1949 miluom
1628 1877 1961 1945 uadarier.
2913 1890 2981 1939 40

743 2004 1045 2074 sescenta
1086 2006 1264 2085 sunt,
1307 2020 1483 2086 quae
1524 1997 1905 2078 memorem,
1952 1993 2011 2060 si
2053 1991 2142 2060 sit
2186 1989 2418 2058 citium.

744 2123 868 2190 sed
909 2121 1064 2191 uter
1105 2121 1554 2189 nostrorumst
1595 2113 1909 2183 eelerior?
1966 2107 2265 2176 memora
2307 2107 2490 2175 mihi.

1589 2235 1950 2302 Conamo.

580 2376 707 2439 320
747 2380 875 2445 ego
916 2364 998 2427 ut
1038 2356 1256 2426 multo
1295 2357 1551 2424 melior.

1572 2473 1992 2540 Sruovas.

1592 2591 1826 2660 cocum
1870 2611 2015 2676 eg0,
2059 2610 2197 2657 non
2239 2589 2455 2657 furem
2501 2611 2683 2678 rogo.

1616 2714 1950 2780 ANTRAX.

750 2856 983 2904 cocum
1028 2833 1155 2920 ego
1194 2853 1296 2903 me
1340 2833 1515 2901 dico,

579 3039 741 3093 latur
762 3036 1061 3092 Bentleim
1082 3039 1162 3094 ad
1195 3038 1320 3095 Ter.
1346 3038 1593 3095 Phorm.
1617 3053 1704 3094 111.
1729 3052 1780 3106 3,
1806 3052 1856 3105 2,
1880 3038 2100 3106 potesse
2123 3037 2218 3092 uel
2238 3052 2399 3106 posse
2421 3038 2534 3093 alii
2555 3038 2710 3094 libri.
2769 3041 2992 3095 emend.

580 3126 714 3181 diss.
751 3139 804 3194 p.
841 3138 928 3193 33,
966 3124 1067 3179 ubi
1108 3132 1297 3184 tamen
1318 3124 1517 3191 falsus
1555 3140 1688 3179 sum
1728 3124 1800 3179 de
1833 3120 1911 3180 B.
2051 3127 2155 3178 310
2191 3139 2232 3177 s.
2286 3122 2707 3191 Praeseqmina
2742 3124 2996 3193 proprie

579 3213 837 3267 Plautus
858 3210 927 3267 in
949 3210 1280 3268 Aulularia
1310 3228 1378 3268 ea
1405 3210 1530 3267 dici
1557 3211 1749 3266 uoluit
1768 3225 1919 3279 quae
1937 3208 2225 3277 unquibus
2246 3209 2523 3265 eminulis
2537 3212 2993 3279 praesecantur:

579 3298 711 3367 quin
734 3297 855 3366 ipse
877 3295 1102 3364 quidem
1125 3299 1316 3352 tonsor
1336 3311 1551 3365 ungues
1573 3296 1829 3361 deserat3
1866 3293 2119 3363 Collegit,
2140 3292 2322 3347 omnia
2345 3292 2576 3348 abstulit
2597 3293 2996 3365 praesegmina.

583 3383 818 3438 Nonius
861 3395 975 3449 151,
1024 3398 1108 3449 30.
1181 3382 1467 3450 Colligere,
1514 3382 1753 3448 auferre
1758 3423 1884 3436 ......
1891 3380 2146 3436 Plautus
2193 3379 2259 3433 in
2300 3378 2658 3434 Aulularia:
2707 3378 2840 3448 quin
2871 3378 3000 3449 ipse

585 3465 801 3535 pridem
835 3465 1026 3517 tonsor
1058 3464 1255 3531 unguis
1289 3464 1619 3533 dempserat,
1652 3463 1907 3534 Collegit,
1931 3464 2115 3519 omnia
2149 3462 2380 3518 abstulit
2412 3462 2804 3533 praesegmina.
2875 3463 3001 3517 No-

586 3549 725 3604 nius
749 3562 815 3614 27
819 3560 868 3615 3,
889 3548 970 3600 28.
1042 3545 1149 3614 Qui
1172 3546 1387 3618 pridem
1411 3551 1602 3604 tonsor
1623 3565 1834 3619 ungues
1857 3550 2207 3620 depresserat
2227 3548 2278 3607 J
2301 3566 2433 3604 cum
2454 3548 2642 3616 spatio
2663 3563 2846 3601 uacuo
2859 3558 3005 3616 post

586 3657 799 3711 ungues
822 3640 1031 3696 relicto,
1101 3616 1313 3717 ungues
1350 3640 1674 3713 dempserat
1697 3661 1750 3710 γ.
1884 3649 1987 3700 312
2022 3643 2087 3702 Β
2121 3643 2284 3700 habet
2316 3643 2415 3698 hio
2438 3658 2750 3713 personam
2786 3641 2918 3698 S‘rn.
2949 3652 3005 3700 et

585 3744 691 3795 seq.
714 3743 895 3783 uersu
918 3726 1064 3796 Coa,
1089 3726 1156 3780 in
1178 3724 1229 3783 J
1252 3726 1470 3782 iterum
1484 3744 1765 3797 personae
1789 3727 2010 3784 desunt.
2166 3734 2269 3785 313
2293 3744 2415 3783 esse
2436 3743 2661 3797 parcum
2685 3725 2849 3796 Βιῐγ,
2874 3744 3005 3784 esse

587 3813 801 3869 deleuit
821 3812 1085 3880 Botkius,
1109 3829 1277 3882 parce
1308 3812 1537 3882 scripsi.
1698 3817 1803 3870 314
1826 3813 2049 3883 eiripuit
2072 3811 2190 3882 Ba,
2217 3812 2270 3868 ei
2294 3812 2501 3882 eripuit
2524 3809 2669 3875 Bbv.
2739 3811 2793 3867 ei
2818 3811 3006 3882 eripui

586 3917 720 3957 cum
741 3917 957 3956 rasura
986 3900 1168 3955 unius
1201 3899 1428 3954 litterae
1457 3900 1524 3955 in
1543 3901 1684 3967 fine.
1757 3899 2001 3969 deripuit
2027 3899 2388 3955 Gulielmius.
2440 3898 2629 3967 poseis
2652 3913 2869 3965 quoque
2891 3897 3004 3952 eri-

587 3987 710 4057 puit
734 3986 787 4041 ἑὶ
808 3985 1025 4041 miluos.
1093 3983 1293 4039 miluus
1325 3983 1391 4053 J,
1414 3984 1636 4040 miluius
1668 4002 1704 4050 γ
1732 4000 1864 4039 oum
1897 3984 2263 4039 adnotatione
2295 3983 2390 4038 alii
2423 3982 2642 4037 miluus.
2782 3987 2885 4037 315
2910 3982 3007 4036 do-

579 4069 982 4139 plorabundus
1010 4086 1128 4138 pro
1166 4068 1490 4139 deplorans.
1559 4069 1818 4123 Plautus
1858 4068 1926 4122 in
1971 4067 2325 4123 Aulularia.-
2362 4068 2526 4122 homo
2568 4065 2645 4120 ad
2685 4068 3007 4136 praetorem

588 4154 744 4209 uenit
788 4152 1247 4224 deplorabundus.
1318 4156 1557 4211 Nonius
1599 4169 1719 4224 509,
1761 4170 1815 4224 9.
1881 4152 2182 4223 plorandus
2222 4152 2452 4209 deuenit
2497 4149 2577 4222 B,
2619 4149 3011 4222 plorabundus

590 4234 816 4290 deuenit
848 4234 934 4303 ιῐγ
966 4254 1099 4292 cum
1135 4238 1293 4294 Pall.
1433 4244 1535 4295 316
1574 4238 1749 4293 eiulas
1786 4236 1889 4293 Ba
1924 4236 2103 4304 quode
2138 4238 2276 4293 uide
2315 4237 2698 4293 Coresennum
2738 4234 2806 4289 de
2827 4250 3015 4303 pron.

591 4336 628 4375 ι.
654 4333 737 4389 97.
810 4320 1020 4376 eiulans
1043 4321 1138 4379 Bb
1159 4341 1290 4378 cum
1314 4323 1525 4379 celeria
1666 4330 1769 4379 318
1794 4323 2064 4379 Sexcenta
2084 4322 2135 4381 J
2135 4343 2182 4392 γ.
2253 4323 2434 4379 ocium
2456 4322 2519 4381 J.
2661 4326 2764 4377 319
2788 4322 3015 4375 uestro-

590 4421 715 4458 rum
736 4407 826 4459 est
846 4403 944 4471 ιῐγ.
1014 4407 1246 4461 memori
1267 4408 1433 4465 michi
1453 4406 1518 4478 J,
1542 4408 1612 4463 in
1636 4426 1672 4475 γ
1693 4407 1923 4464 memori
1937 4414 2066 4476 post
2088 4410 2155 4463 in
2175 4424 2424 4463 memora
2445 4413 2780 4463 correctum.
2898 4410 3018 4461 320

591 4503 824 4560 coquum
849 4487 929 4559 B,
952 4505 1145 4545 cocum
1163 4490 1214 4549 J
1214 4509 1262 4558 γ.
1447 4496 1545 4547 321
1574 4499 1639 4547 ut
1664 4498 1782 4568 320.
1850 4507 1941 4545 me
1963 4491 2111 4546 deest
2133 4492 2198 4546 in
2223 4490 2386 4558 BJy,
2411 4492 2638 4547 addunt
2660 4488 2783 4545 edd.
2858 4489 3024 4546 Am.
